time,bid1,bid_size1,ask1,ask_size1,bid2,bid_size2,ask2,ask_size2,mid1,mid2
2021-07-06 09:24:59.172586,433.55,5,433.58,39,15.19,3339,15.2,3315,433.565,15.195
2021-07-06 09:24:59.172586,433.55,5,433.58,39,15.19,3339,15.2,3315,433.565,15.195
2021-07-06 09:25:09.168021,433.56,10,433.58,2,15.19,3339,15.2,3387,433.57,15.195
2021-07-06 09:25:18.216665,433.54,4,433.56,3,15.19,3509,15.2,3028,433.55,15.195
2021-07-06 09:25:18.216665,433.54,4,433.56,3,15.19,3679,15.2,3315,433.55,15.195
2021-07-06 09:25:18.216665,433.54,4,433.56,3,15.19,3679,15.2,3315,433.55,15.195
2021-07-06 09:25:28.246620,433.56,4,433.58,6,15.19,3679,15.2,3315,433.57,15.195
2021-07-06 09:25:28.246620,433.56,4,433.58,6,15.19,3679,15.2,3315,433.57,15.195
2021-07-06 09:25:28.246620,433.56,4,433.58,6,15.19,3679,15.2,3315,433.57,15.195
2021-07-06 09:25:28.246620,433.56,4,433.58,6,15.19,3679,15.2,3315,433.57,15.195
2021-07-06 09:25:39.306815,433.56,4,433.58,10,15.19,3679,15.2,3315,433.57,15.195
2021-07-06 09:25:49.345614,433.56,1,433.57,90,15.19,3509,15.2,3028,433.565,15.195
2021-07-06 09:25:59.173693,433.55,2,433.56,4,15.19,3509,15.2,3028,433.555,15.195
2021-07-06 09:25:59.173693,433.55,2,433.56,4,15.19,3679,15.2,3028,433.555,15.195
2021-07-06 09:26:09.128390,433.55,2,433.56,5,15.19,3679,15.2,3028,433.555,15.195
2021-07-06 09:26:18.219442,433.55,2,433.56,4,15.19,3679,15.2,3028,433.555,15.195
2021-07-06 09:26:18.219442,433.55,2,433.56,4,15.19,3679,15.2,3028,433.555,15.195
2021-07-06 09:26:38.190923,433.53,11,433.54,27,15.19,4019,15.2,2992,433.53499999999997,15.195
2021-07-06 09:26:46.188407,433.53,11,433.54,27,15.19,4019,15.2,2992,433.53499999999997,15.195
2021-07-06 09:26:49.248240,433.51,5,433.53,24,15.19,4019,15.2,2992,433.52,15.195
2021-07-06 09:26:55.117376,433.51,5,433.53,24,15.19,4019,15.2,2992,433.52,15.195
2021-07-06 09:26:55.117376,433.51,5,433.53,24,15.19,4019,15.2,2992,433.52,15.195
2021-07-06 09:26:59.280834,433.51,5,433.53,14,15.19,4019,15.2,3028,433.52,15.195
2021-07-06 09:26:59.280834,433.51,5,433.53,14,15.19,4019,15.2,2992,433.52,15.195
2021-07-06 09:27:09.318677,433.54,14,433.56,6,15.19,4019,15.2,3028,433.55,15.195
2021-07-06 09:27:09.318677,433.54,14,433.56,6,15.19,4019,15.2,3028,433.55,15.195
2021-07-06 09:27:09.318677,433.54,14,433.56,6,15.19,5453,15.2,2992,433.55,15.195
2021-07-06 09:27:19.034267,433.51,12,433.52,4,15.19,5453,15.2,2992,433.515,15.195
2021-07-06 09:27:27.135455,433.51,11,433.53,42,15.19,5453,15.2,2992,433.52,15.195
2021-07-06 09:27:27.135455,433.51,11,433.53,42,15.19,5453,15.2,2992,433.52,15.195
2021-07-06 09:27:36.146430,433.52,51,433.53,39,15.19,5453,15.2,2992,433.525,15.195
2021-07-06 09:27:36.146430,433.52,51,433.53,39,15.19,5453,15.2,2992,433.525,15.195
2021-07-06 09:27:43.110234,433.52,51,433.53,39,15.19,5453,15.2,2992,433.525,15.195
2021-07-06 09:27:49.151376,433.47,5,433.48,4,15.19,5453,15.2,2471,433.475,15.195
2021-07-06 09:27:58.098985,433.47,7,433.48,4,15.19,5453,15.2,2471,433.475,15.195
2021-07-06 09:28:09.221266,433.47,13,433.48,9,15.19,5453,15.2,2471,433.475,15.195
2021-07-06 09:28:19.257156,433.47,9,433.48,69,15.19,5453,15.2,2471,433.475,15.195
2021-07-06 09:28:27.140088,433.47,9,433.48,9,15.19,5453,15.2,2471,433.475,15.195
2021-07-06 09:28:34.103087,433.47,9,433.48,9,15.19,5453,15.2,2471,433.475,15.195
2021-07-06 09:28:39.093001,433.42,16,433.43,16,15.19,6027,15.2,785,433.425,15.195
2021-07-06 09:28:41.161939,433.42,16,433.43,16,15.19,6027,15.2,785,433.425,15.195
2021-07-06 09:28:41.161939,433.42,16,433.43,16,15.19,6027,15.2,785,433.425,15.195
2021-07-06 09:28:47.108653,433.4,5,433.42,4,15.19,6107,15.2,785,433.40999999999997,15.195
2021-07-06 09:28:48.085090,433.4,5,433.42,4,15.19,5740,15.2,2319,433.40999999999997,15.195
2021-07-06 09:28:48.085090,433.4,5,433.42,4,15.19,6107,15.2,785,433.40999999999997,15.195
2021-07-06 09:28:58.269854,433.43,4,433.45,4,15.19,5740,15.2,2319,433.44,15.195
2021-07-06 09:28:58.269854,433.43,4,433.45,4,15.19,5453,15.2,2319,433.44,15.195
2021-07-06 09:29:08.304244,433.45,5,433.47,2,15.19,5453,15.2,2319,433.46000000000004,15.195
2021-07-06 09:29:08.304244,433.45,5,433.47,2,15.19,5453,15.2,2319,433.46000000000004,15.195
2021-07-06 09:29:12.298803,433.45,5,433.47,2,15.19,5453,15.2,2319,433.46000000000004,15.195
2021-07-06 09:29:12.298803,433.45,5,433.47,2,15.19,5453,15.2,2471,433.46000000000004,15.195
2021-07-06 09:29:18.339733,433.45,5,433.47,2,15.19,5453,15.2,2471,433.46000000000004,15.195
2021-07-06 09:29:19.262034,433.48,5,433.5,11,15.19,5453,15.2,2471,433.49,15.195
2021-07-06 09:29:19.262034,433.48,5,433.5,11,15.19,5453,15.2,2471,433.49,15.195
2021-07-06 09:29:26.221941,433.48,5,433.5,11,15.19,5453,15.2,2471,433.49,15.195
2021-07-06 09:29:29.117031,433.48,5,433.5,13,15.19,5453,15.2,2471,433.49,15.195
2021-07-06 09:29:39.126452,433.49,1,433.5,10,15.19,5453,15.2,2471,433.495,15.195
2021-07-06 09:29:47.112967,433.49,1,433.5,10,15.19,5453,15.2,2471,433.495,15.195
2021-07-06 09:29:49.160222,433.51,1,433.52,5,15.19,5453,15.2,2998,433.515,15.195
2021-07-06 09:29:55.105426,433.51,1,433.52,5,15.19,5453,15.2,2998,433.515,15.195
2021-07-06 09:29:59.159587,433.5,1,433.51,4,15.19,5453,15.2,2492,433.505,15.195
2021-07-06 09:29:59.159587,433.5,1,433.51,4,15.19,5453,15.2,2492,433.505,15.195
2021-07-06 09:29:59.159587,433.5,1,433.51,4,15.19,5453,15.2,2631,433.505,15.195
2021-07-06 09:29:59.159587,433.5,1,433.51,4,15.19,5453,15.2,2631,433.505,15.195
2021-07-06 09:30:09.232986,433.5,6,433.51,99,15.19,5453,15.2,2631,433.505,15.195
2021-07-06 09:30:18.059942,433.5,6,433.51,99,15.19,5453,15.2,2471,433.505,15.195
2021-07-06 09:30:19.062293,433.47,28,433.49,6,15.19,5453,15.2,2471,433.48,15.195
2021-07-06 09:30:29.072767,433.47,38,433.48,1,15.19,6674,15.2,2869,433.475,15.195
2021-07-06 09:30:29.072767,433.47,38,433.48,1,15.19,6674,15.2,2869,433.475,15.195
2021-07-06 09:30:33.090786,433.47,38,433.48,1,15.19,6674,15.2,2869,433.475,15.195
2021-07-06 09:30:39.136615,433.49,1,433.5,5,15.19,6674,15.2,2869,433.495,15.195
2021-07-06 09:30:39.136615,433.49,1,433.5,5,15.19,6674,15.2,2869,433.495,15.195
2021-07-06 09:30:47.257551,433.49,2,433.51,63,15.19,6674,15.2,2869,433.5,15.195
2021-07-06 09:30:48.347917,433.49,2,433.51,63,15.19,6724,15.2,2869,433.5,15.195
2021-07-06 09:30:48.347917,433.49,2,433.51,63,15.19,6724,15.2,2869,433.5,15.195
2021-07-06 09:30:59.303889,433.49,2,433.5,8,15.19,6724,15.2,2869,433.495,15.195
2021-07-06 09:31:07.189659,433.49,2,433.5,7,15.19,6724,15.2,2869,433.495,15.195
2021-07-06 09:31:07.189659,433.49,2,433.5,7,15.19,6724,15.2,2869,433.495,15.195
2021-07-06 09:31:07.189659,433.49,2,433.5,7,15.19,6724,15.2,2869,433.495,15.195
2021-07-06 09:31:19.272688,433.49,2,433.51,8,15.19,6724,15.2,2869,433.5,15.195
2021-07-06 09:31:19.272688,433.49,2,433.51,8,15.19,6724,15.2,2869,433.5,15.195
2021-07-06 09:31:29.308499,433.5,10,433.52,7,15.19,6724,15.2,3156,433.51,15.195
2021-07-06 09:31:29.308499,433.5,10,433.52,7,15.19,6724,15.2,3156,433.51,15.195
2021-07-06 09:31:29.308499,433.5,10,433.52,7,15.19,6724,15.2,3156,433.51,15.195
2021-07-06 09:31:39.117878,433.5,13,433.52,1,15.19,6724,15.2,3156,433.51,15.195
2021-07-06 09:31:39.117878,433.5,13,433.52,1,15.19,6724,15.2,3156,433.51,15.195
2021-07-06 09:31:49.175694,433.51,2,433.53,63,15.19,6724,15.2,3156,433.52,15.195
2021-07-06 09:31:49.175694,433.51,2,433.53,63,15.19,6724,15.2,2869,433.52,15.195
2021-07-06 09:31:49.175694,433.51,2,433.53,63,15.19,6724,15.2,2869,433.52,15.195
2021-07-06 09:31:49.175694,433.51,2,433.53,63,15.19,6724,15.2,3156,433.52,15.195
2021-07-06 09:31:59.208391,433.5,10,433.52,39,15.19,6724,15.2,2869,433.51,15.195
2021-07-06 09:32:05.250683,433.5,10,433.52,39,15.19,6724,15.2,2869,433.51,15.195
2021-07-06 09:32:05.250683,433.5,10,433.52,39,15.19,6724,15.2,2869,433.51,15.195
2021-07-06 09:32:09.193711,433.52,42,433.53,22,15.19,6724,15.2,3156,433.525,15.195
2021-07-06 09:32:09.193711,433.52,42,433.53,22,15.19,6724,15.2,3156,433.525,15.195
2021-07-06 09:32:13.236445,433.52,42,433.53,22,15.19,6724,15.2,3156,433.525,15.195
2021-07-06 09:32:13.236445,433.52,42,433.53,22,15.19,6724,15.2,3156,433.525,15.195
2021-07-06 09:32:13.236445,433.52,42,433.53,22,15.19,6724,15.2,3156,433.525,15.195
2021-07-06 09:32:19.275905,433.52,6,433.53,22,15.19,6724,15.2,3156,433.525,15.195
2021-07-06 09:32:19.275905,433.52,6,433.53,22,15.19,6724,15.2,3156,433.525,15.195
2021-07-06 09:32:19.275905,433.52,6,433.53,22,15.19,6724,15.2,3156,433.525,15.195
2021-07-06 09:32:19.275905,433.52,6,433.53,22,15.19,6724,15.2,3156,433.525,15.195
2021-07-06 09:32:19.275905,433.52,6,433.53,22,15.19,6724,15.2,3156,433.525,15.195
2021-07-06 09:32:36.172962,433.52,6,433.53,22,15.19,6724,15.2,3156,433.525,15.195
2021-07-06 09:32:39.142798,433.52,35,433.53,21,15.19,6724,15.2,3156,433.525,15.195
2021-07-06 09:32:49.176680,433.52,117,433.53,21,15.19,6724,15.2,3156,433.525,15.195
2021-07-06 09:32:51.124865,433.52,117,433.53,21,15.19,6724,15.2,3156,433.525,15.195
2021-07-06 09:32:51.124865,433.52,117,433.53,21,15.19,6724,15.2,3156,433.525,15.195
2021-07-06 09:32:51.124865,433.52,117,433.53,21,15.19,6724,15.2,3156,433.525,15.195
2021-07-06 09:32:51.124865,433.52,117,433.53,21,15.19,6376,15.2,3479,433.525,15.195
2021-07-06 09:32:59.109091,433.54,53,433.56,11,15.19,6376,15.2,3479,433.55,15.195
2021-07-06 09:32:59.109091,433.54,53,433.56,11,15.19,6376,15.2,3479,433.55,15.195
2021-07-06 09:32:59.109091,433.54,53,433.56,11,15.19,6376,15.2,3479,433.55,15.195
2021-07-06 09:33:09.144961,433.55,9,433.58,11,15.19,6376,15.2,3479,433.565,15.195
2021-07-06 09:33:09.144961,433.55,9,433.58,11,15.19,6376,15.2,3479,433.565,15.195
2021-07-06 09:33:18.157251,433.55,8,433.58,14,15.19,6376,15.2,3479,433.565,15.195
2021-07-06 09:33:18.157251,433.55,8,433.58,14,15.19,6376,15.2,3479,433.565,15.195
2021-07-06 09:33:28.085166,433.55,9,433.58,11,15.19,6376,15.2,3479,433.565,15.195
2021-07-06 09:33:36.177572,433.56,6,433.58,10,15.19,6376,15.2,3529,433.57,15.195
2021-07-06 09:33:36.177572,433.56,6,433.58,10,15.19,6376,15.2,3529,433.57,15.195
2021-07-06 09:33:46.214380,433.56,6,433.58,10,15.19,5962,15.2,3601,433.57,15.195
2021-07-06 09:33:49.186192,433.57,39,433.58,1,15.19,5962,15.2,3601,433.575,15.195
2021-07-06 09:33:49.186192,433.57,39,433.58,1,15.19,5962,15.2,3601,433.575,15.195
2021-07-06 09:33:49.186192,433.57,39,433.58,1,15.19,5992,15.2,3600,433.575,15.195
2021-07-06 09:33:59.218525,433.57,3,433.58,77,15.19,5992,15.2,3600,433.575,15.195
2021-07-06 09:34:09.152292,433.57,5,433.58,2,15.19,5992,15.2,3595,433.575,15.195
2021-07-06 09:34:16.057365,433.57,5,433.58,2,15.19,5992,15.2,3595,433.575,15.195
2021-07-06 09:34:19.185612,433.57,2,433.58,44,15.19,5992,15.2,3595,433.575,15.195
2021-07-06 09:34:24.209851,433.57,2,433.58,44,15.19,5992,15.2,3595,433.575,15.195
2021-07-06 09:34:24.209851,433.57,2,433.58,44,15.19,5978,15.2,3480,433.575,15.195
2021-07-06 09:34:27.217610,433.55,4,433.58,5,15.19,5978,15.2,3480,433.565,15.195
2021-07-06 09:34:27.217610,433.55,4,433.58,5,15.19,5978,15.2,3480,433.565,15.195
2021-07-06 09:34:35.239335,433.55,4,433.57,4,15.19,5978,15.2,3480,433.56,15.195
2021-07-06 09:34:35.239335,433.55,4,433.57,4,15.19,5978,15.2,3479,433.56,15.195
2021-07-06 09:34:49.088482,433.55,1,433.57,5,15.19,6148,15.2,3479,433.56,15.195
2021-07-06 09:34:49.088482,433.55,1,433.57,5,15.19,6148,15.2,3479,433.56,15.195
2021-07-06 09:34:59.052372,433.56,20,433.58,31,15.19,6148,15.2,3529,433.57,15.195
2021-07-06 09:34:59.052372,433.56,20,433.58,31,15.19,3573,15.2,3601,433.57,15.195
2021-07-06 09:35:09.158394,433.57,42,433.58,1,15.19,3573,15.2,3601,433.575,15.195
2021-07-06 09:35:19.192672,433.57,44,433.58,1,15.19,3573,15.2,3601,433.575,15.195
2021-07-06 09:35:28.307860,433.58,4,433.6,30,15.19,3573,15.2,3601,433.59000000000003,15.195
2021-07-06 09:35:28.307860,433.58,4,433.6,30,15.19,3573,15.2,3601,433.59000000000003,15.195
2021-07-06 09:35:28.307860,433.58,4,433.6,30,15.19,3573,15.2,3619,433.59000000000003,15.195
2021-07-06 09:35:39.264065,433.58,15,433.6,55,15.19,3573,15.2,3619,433.59000000000003,15.195
2021-07-06 09:35:48.029186,433.58,19,433.6,10,15.19,3573,15.2,3619,433.59000000000003,15.195
2021-07-06 09:35:48.029186,433.58,19,433.6,10,15.19,3573,15.2,3602,433.59000000000003,15.195
2021-07-06 09:35:48.029186,433.58,19,433.6,10,15.19,3573,15.2,3602,433.59000000000003,15.195
2021-07-06 09:35:48.029186,433.58,19,433.6,10,15.19,3573,15.2,3602,433.59000000000003,15.195
2021-07-06 09:36:08.039500,433.58,22,433.6,17,15.19,3537,15.2,3627,433.59000000000003,15.195
2021-07-06 09:36:08.039500,433.58,22,433.6,17,15.19,3537,15.2,3602,433.59000000000003,15.195
2021-07-06 09:36:08.039500,433.58,22,433.6,17,15.19,3537,15.2,3602,433.59000000000003,15.195
2021-07-06 09:36:19.097978,433.58,20,433.6,47,15.19,3537,15.2,3602,433.59000000000003,15.195
2021-07-06 09:36:26.163119,433.58,20,433.6,47,15.19,3537,15.2,3602,433.59000000000003,15.195
2021-07-06 09:36:26.163119,433.58,20,433.6,47,15.19,3685,15.2,3601,433.59000000000003,15.195
2021-07-06 09:36:29.133637,433.57,6,433.58,19,15.19,3685,15.2,3601,433.575,15.195
2021-07-06 09:36:29.133637,433.57,6,433.58,19,15.19,3685,15.2,3601,433.575,15.195
2021-07-06 09:36:29.133637,433.57,6,433.58,19,15.19,3548,15.2,3601,433.575,15.195
2021-07-06 09:36:29.133637,433.57,6,433.58,19,15.19,3685,15.2,3601,433.575,15.195
2021-07-06 09:36:39.169316,433.58,5,433.6,19,15.19,3548,15.2,3601,433.59000000000003,15.195
2021-07-06 09:36:48.180213,433.58,5,433.6,19,15.19,3548,15.2,3601,433.59000000000003,15.195
2021-07-06 09:36:49.198352,433.6,1,433.61,36,15.19,3548,15.2,3699,433.605,15.195
2021-07-06 09:36:49.198352,433.6,1,433.61,36,15.19,3548,15.2,3699,433.605,15.195
2021-07-06 09:36:49.198352,433.6,1,433.61,36,15.19,3548,15.2,3787,433.605,15.195
2021-07-06 09:36:49.198352,433.6,1,433.61,36,15.19,3548,15.2,3787,433.605,15.195
2021-07-06 09:36:59.136654,433.59,11,433.61,36,15.19,3548,15.2,3787,433.6,15.195
2021-07-06 09:36:59.136654,433.59,11,433.61,36,15.19,3548,15.2,3787,433.6,15.195
2021-07-06 09:37:08.250457,433.59,4,433.6,73,15.19,3548,15.2,3736,433.595,15.195
2021-07-06 09:37:19.267245,433.59,14,433.6,54,15.19,3548,15.2,3735,433.595,15.195
2021-07-06 09:37:19.267245,433.59,14,433.6,54,15.19,3548,15.2,3735,433.595,15.195
2021-07-06 09:37:29.040009,433.59,14,433.6,60,15.19,3548,15.2,3735,433.595,15.195
2021-07-06 09:37:29.040009,433.59,14,433.6,60,15.19,3548,15.2,3735,433.595,15.195
2021-07-06 09:37:39.065547,433.63,3,433.65,6,15.19,2897,15.2,4175,433.64,15.195
2021-07-06 09:37:39.065547,433.63,3,433.65,6,15.19,2897,15.2,4175,433.64,15.195
2021-07-06 09:37:48.186264,433.63,7,433.65,16,15.19,2861,15.2,4175,433.64,15.195
2021-07-06 09:37:48.186264,433.63,7,433.65,16,15.19,2861,15.2,4175,433.64,15.195
2021-07-06 09:37:48.186264,433.63,7,433.65,16,15.19,2861,15.2,4175,433.64,15.195
2021-07-06 09:37:59.130285,433.63,13,433.65,8,15.19,2861,15.2,4175,433.64,15.195
2021-07-06 09:37:59.130285,433.63,13,433.65,8,15.19,2861,15.2,4175,433.64,15.195
2021-07-06 09:38:09.167299,433.64,2,433.65,10,15.19,2861,15.2,4175,433.645,15.195
2021-07-06 09:38:19.160634,433.65,23,433.67,41,15.19,2861,15.2,4515,433.65999999999997,15.195
2021-07-06 09:38:19.160634,433.65,23,433.67,41,15.19,2861,15.2,4515,433.65999999999997,15.195
2021-07-06 09:38:19.160634,433.65,23,433.67,41,15.19,2861,15.2,4515,433.65999999999997,15.195
2021-07-06 09:38:19.160634,433.65,23,433.67,41,15.19,2861,15.2,4515,433.65999999999997,15.195
2021-07-06 09:38:19.160634,433.65,23,433.67,41,15.19,2861,15.2,4175,433.65999999999997,15.195
2021-07-06 09:38:26.160783,433.65,23,433.67,41,15.19,2861,15.2,4515,433.65999999999997,15.195
2021-07-06 09:38:29.234517,433.65,2,433.66,146,15.19,2861,15.2,4515,433.655,15.195
2021-07-06 09:38:29.234517,433.65,2,433.66,146,15.19,2861,15.2,4515,433.655,15.195
2021-07-06 09:38:32.175518,433.65,2,433.66,146,15.19,2861,15.2,4515,433.655,15.195
2021-07-06 09:38:39.269776,433.64,5,433.65,56,15.19,2861,15.2,4515,433.645,15.195
2021-07-06 09:38:40.205209,433.64,5,433.65,56,15.19,2861,15.2,4515,433.645,15.195
2021-07-06 09:38:40.205209,433.64,5,433.65,56,15.19,2861,15.2,4515,433.645,15.195
2021-07-06 09:38:40.205209,433.64,5,433.65,56,15.19,2861,15.2,4515,433.645,15.195
2021-07-06 09:38:49.319144,433.66,7,433.67,2,15.19,2861,15.2,4515,433.665,15.195
2021-07-06 09:38:49.319144,433.66,7,433.67,2,15.19,2861,15.2,4515,433.665,15.195
2021-07-06 09:38:49.319144,433.66,7,433.67,2,15.19,2861,15.2,4515,433.665,15.195
2021-07-06 09:38:59.253189,433.68,1,433.7,31,15.19,2861,15.2,4515,433.69,15.195
2021-07-06 09:38:59.253189,433.68,1,433.7,31,15.19,2861,15.2,4515,433.69,15.195
2021-07-06 09:39:09.287245,433.69,14,433.71,78,15.19,2845,15.2,4802,433.7,15.195
2021-07-06 09:39:19.291260,433.69,20,433.7,2,15.19,2845,15.2,4802,433.695,15.195
2021-07-06 09:39:20.043630,433.69,20,433.7,2,15.19,2845,15.2,4802,433.695,15.195
2021-07-06 09:39:29.152707,433.7,11,433.71,125,15.19,2845,15.2,4802,433.705,15.195
2021-07-06 09:39:35.296015,433.7,11,433.71,125,15.19,2845,15.2,4802,433.705,15.195
2021-07-06 09:39:39.024457,433.7,12,433.71,6,15.19,2845,15.2,4802,433.705,15.195
2021-07-06 09:39:48.095968,433.7,12,433.71,6,15.19,2645,15.2,4802,433.705,15.195
2021-07-06 09:39:48.095968,433.7,12,433.71,6,15.19,2645,15.2,4802,433.705,15.195
2021-07-06 09:39:55.060031,433.7,7,433.71,5,15.19,2645,15.2,4802,433.705,15.195
2021-07-06 09:39:55.060031,433.7,7,433.71,5,15.19,2645,15.2,4802,433.705,15.195
2021-07-06 09:39:57.053787,433.7,7,433.71,5,15.19,1790,15.2,4802,433.705,15.195
2021-07-06 09:39:57.053787,433.7,7,433.71,5,15.19,1790,15.2,4802,433.705,15.195
2021-07-06 09:40:09.191652,433.7,20,433.72,1,15.19,1790,15.2,4802,433.71000000000004,15.195
2021-07-06 09:40:18.201900,433.7,19,433.72,6,15.19,1790,15.2,4802,433.71000000000004,15.195
2021-07-06 09:40:26.135485,433.7,19,433.72,6,15.19,1790,15.2,4802,433.71000000000004,15.195
2021-07-06 09:40:26.135485,433.7,19,433.72,6,15.19,2851,15.2,4802,433.71000000000004,15.195
2021-07-06 09:40:26.135485,433.7,19,433.72,6,15.19,1790,15.2,4802,433.71000000000004,15.195
2021-07-06 09:40:29.159276,433.68,14,433.7,64,15.19,2851,15.2,4802,433.69,15.195
2021-07-06 09:40:29.159276,433.68,14,433.7,64,15.19,2851,15.2,4802,433.69,15.195
2021-07-06 09:40:36.160916,433.68,14,433.7,64,15.19,2851,15.2,4802,433.69,15.195
2021-07-06 09:40:39.167129,433.68,14,433.7,20,15.19,2851,15.2,4802,433.69,15.195
2021-07-06 09:40:39.167129,433.68,14,433.7,20,15.19,2851,15.2,4802,433.69,15.195
2021-07-06 09:40:47.283637,433.68,14,433.7,20,15.19,2851,15.2,4802,433.69,15.195
2021-07-06 09:40:48.205916,433.68,14,433.7,20,15.19,2851,15.2,4802,433.69,15.195
2021-07-06 09:40:49.230895,433.67,19,433.69,5,15.19,2851,15.2,4802,433.68,15.195
2021-07-06 09:40:59.214826,433.68,4,433.7,11,15.19,2851,15.2,4802,433.69,15.195
2021-07-06 09:40:59.214826,433.68,4,433.7,11,15.19,2851,15.2,4802,433.69,15.195
2021-07-06 09:41:09.299685,433.69,2,433.7,5,15.19,2851,15.2,4802,433.695,15.195
2021-07-06 09:41:09.299685,433.69,2,433.7,5,15.19,2851,15.2,4802,433.695,15.195
2021-07-06 09:41:18.261597,433.7,5,433.72,3,15.19,2851,15.2,4802,433.71000000000004,15.195
2021-07-06 09:41:18.261597,433.7,5,433.72,3,15.19,2851,15.2,4802,433.71000000000004,15.195
2021-07-06 09:41:24.249467,433.7,5,433.72,3,15.19,2851,15.2,4802,433.71000000000004,15.195
2021-07-06 09:41:24.249467,433.7,5,433.72,3,15.19,2851,15.2,4802,433.71000000000004,15.195
2021-07-06 09:41:29.189620,433.73,75,433.74,92,15.19,1466,15.2,4802,433.735,15.195
2021-07-06 09:41:39.304968,433.72,38,433.74,94,15.19,1694,15.2,4568,433.73,15.195
2021-07-06 09:41:39.304968,433.72,38,433.74,94,15.19,1694,15.2,4568,433.73,15.195
2021-07-06 09:41:45.112123,433.72,38,433.74,94,15.19,1694,15.2,4568,433.73,15.195
2021-07-06 09:41:49.132456,433.72,22,433.73,41,15.19,1740,15.2,4568,433.725,15.195
2021-07-06 09:41:49.132456,433.72,22,433.73,41,15.19,1740,15.2,4568,433.725,15.195
2021-07-06 09:41:49.132456,433.72,22,433.73,41,15.19,1740,15.2,4568,433.725,15.195
2021-07-06 09:41:58.247769,433.72,22,433.73,41,15.19,1740,15.2,4568,433.725,15.195
2021-07-06 09:41:59.269550,433.72,17,433.73,32,15.19,1740,15.2,4568,433.725,15.195
2021-07-06 09:42:08.281593,433.72,45,433.73,32,15.19,1740,15.2,4568,433.725,15.195
2021-07-06 09:42:08.281593,433.72,45,433.73,32,15.19,1740,15.2,4568,433.725,15.195
2021-07-06 09:42:08.281593,433.72,45,433.73,32,15.19,1740,15.2,4568,433.725,15.195
2021-07-06 09:42:19.343032,433.73,2,433.74,91,15.19,1579,15.2,4568,433.735,15.195
2021-07-06 09:42:29.378039,433.73,1,433.74,77,15.19,1556,15.2,4818,433.735,15.195
2021-07-06 09:42:38.082698,433.73,1,433.74,77,15.19,1556,15.2,4818,433.735,15.195
2021-07-06 09:42:39.308735,433.73,1,433.74,76,15.19,1613,15.2,4818,433.735,15.195
2021-07-06 09:42:39.308735,433.73,1,433.74,76,15.19,1613,15.2,4818,433.735,15.195
2021-07-06 09:42:48.116686,433.73,1,433.74,76,15.19,1613,15.2,4818,433.735,15.195
2021-07-06 09:42:48.116686,433.73,1,433.74,76,15.19,1613,15.2,4818,433.735,15.195
2021-07-06 09:42:59.176576,433.72,1,433.73,59,15.19,574,15.2,4118,433.725,15.195
2021-07-06 09:43:05.103437,433.72,1,433.73,59,15.19,574,15.2,4118,433.725,15.195
2021-07-06 09:43:09.211415,433.71,4,433.73,33,15.19,1698,15.2,8170,433.72,15.195
2021-07-06 09:43:19.246519,433.7,22,433.71,3,15.19,1481,15.2,6233,433.705,15.195
2021-07-06 09:43:27.158935,433.7,22,433.71,3,15.19,1481,15.2,6233,433.705,15.195
2021-07-06 09:43:29.179396,433.7,22,433.72,4,15.19,1169,15.2,5549,433.71000000000004,15.195
2021-07-06 09:43:29.179396,433.7,22,433.72,4,15.19,1179,15.2,5553,433.71000000000004,15.195
2021-07-06 09:43:39.188804,433.71,4,433.72,5,15.19,1169,15.2,5549,433.71500000000003,15.195
2021-07-06 09:43:44.408448,433.71,4,433.72,5,15.19,1169,15.2,5549,433.71500000000003,15.195
2021-07-06 09:43:48.226323,433.72,18,433.74,72,15.19,894,15.2,5549,433.73,15.195
2021-07-06 09:43:48.226323,433.72,18,433.74,72,15.19,1169,15.2,5549,433.73,15.195
2021-07-06 09:43:48.226323,433.72,18,433.74,72,15.19,866,15.2,5549,433.73,15.195
2021-07-06 09:43:48.226323,433.72,18,433.74,72,15.19,866,15.2,5549,433.73,15.195
2021-07-06 09:43:59.105285,433.72,24,433.73,1,15.19,894,15.2,5549,433.725,15.195
2021-07-06 09:44:09.089082,433.73,5,433.74,53,15.19,866,15.2,5549,433.735,15.195
2021-07-06 09:44:18.125789,433.67,5,433.67,1,15.19,1935,15.2,5527,433.67,15.195
2021-07-06 09:44:18.125789,433.67,5,433.67,1,15.19,1935,15.2,5527,433.67,15.195
2021-07-06 09:44:29.186181,433.71,7,433.73,38,15.19,1453,15.2,5599,433.72,15.195
2021-07-06 09:44:29.186181,433.71,7,433.73,38,15.19,1453,15.2,5599,433.72,15.195
2021-07-06 09:44:39.161188,433.73,145,433.74,3,15.19,1179,15.2,5549,433.735,15.195
2021-07-06 09:44:39.161188,433.73,145,433.74,3,15.19,1179,15.2,5549,433.735,15.195
2021-07-06 09:44:49.193575,433.74,10,433.76,38,15.19,1563,15.2,5199,433.75,15.195
2021-07-06 09:44:59.292583,433.75,15,433.77,2,15.19,406,15.2,4738,433.76,15.195
2021-07-06 09:45:09.226401,433.79,4,433.8,34,15.18,4798,15.19,2537,433.795,15.184999999999999
2021-07-06 09:45:19.187555,433.92,1,433.93,66,15.18,3428,15.19,5053,433.925,15.184999999999999
2021-07-06 09:45:29.295755,433.84,16,433.85,28,15.18,5077,15.19,3834,433.845,15.184999999999999
2021-07-06 09:45:39.224605,433.91,34,433.92,8,15.18,3653,15.19,5460,433.915,15.184999999999999
2021-07-06 09:45:49.214104,433.93,24,433.94,5,15.18,3653,15.19,5643,433.935,15.184999999999999
2021-07-06 09:45:59.503197,433.86,14,433.87,22,15.18,4907,15.19,4620,433.865,15.184999999999999
2021-07-06 09:46:09.310084,433.77,13,433.78,17,15.18,5491,15.19,3899,433.775,15.184999999999999
2021-07-06 09:46:19.164544,433.82,19,433.83,76,15.18,5500,15.19,3914,433.825,15.184999999999999
2021-07-06 09:46:29.106123,433.84,15,433.85,61,15.18,5504,15.19,3928,433.845,15.184999999999999
2021-07-06 09:46:39.128926,433.76,5,433.77,34,15.18,6240,15.19,3855,433.765,15.184999999999999
2021-07-06 09:46:49.166848,433.68,13,433.69,45,15.18,6626,15.19,1501,433.685,15.184999999999999
2021-07-06 09:46:59.310368,433.64,1,433.65,36,15.18,6773,15.19,585,433.645,15.184999999999999
2021-07-06 09:47:09.239541,433.68,6,433.69,35,15.19,5253,15.2,7899,433.685,15.195
2021-07-06 09:47:19.275028,433.61,11,433.62,66,15.19,4741,15.2,7918,433.615,15.195
2021-07-06 09:47:20.298374,433.61,11,433.62,66,15.19,4741,15.2,7918,433.615,15.195
2021-07-06 09:47:29.205490,433.61,20,433.62,19,15.19,4679,15.2,7851,433.615,15.195
2021-07-06 09:47:39.445269,433.65,10,433.66,23,15.19,4653,15.2,7855,433.655,15.195
2021-07-06 09:47:49.175377,433.62,16,433.63,23,15.19,4777,15.2,7889,433.625,15.195
2021-07-06 09:47:59.415104,433.62,34,433.63,3,15.19,4767,15.2,7801,433.625,15.195
2021-07-06 09:48:09.350603,433.71,5,433.72,106,15.19,4223,15.2,7982,433.71500000000003,15.195
2021-07-06 09:48:19.178778,433.62,2,433.63,105,15.19,4605,15.2,7793,433.625,15.195
2021-07-06 09:48:29.317765,433.61,43,433.62,20,15.19,5027,15.2,7781,433.615,15.195
2021-07-06 09:48:39.350137,433.62,39,433.63,1,15.19,4752,15.2,7884,433.625,15.195
2021-07-06 09:48:49.343487,433.54,25,433.55,1,15.19,6551,15.2,3666,433.545,15.195
2021-07-06 09:48:59.421883,433.54,19,433.55,28,15.19,6565,15.2,3820,433.545,15.195
2021-07-06 09:49:09.150457,433.55,11,433.56,136,15.19,6904,15.2,3633,433.555,15.195
2021-07-06 09:49:19.138782,433.55,25,433.56,84,15.19,6481,15.2,3761,433.555,15.195
2021-07-06 09:49:29.162074,433.54,19,433.55,87,15.19,6599,15.2,3605,433.545,15.195
2021-07-06 09:49:39.254132,433.51,37,433.52,17,15.19,6582,15.2,3539,433.515,15.195
2021-07-06 09:49:49.209135,433.46,17,433.47,18,15.19,7529,15.2,2969,433.46500000000003,15.195
2021-07-06 09:49:57.278383,433.46,17,433.47,18,15.19,7529,15.2,2969,433.46500000000003,15.195
2021-07-06 09:49:59.266182,433.42,16,433.43,32,15.19,7427,15.2,2590,433.425,15.195
2021-07-06 09:50:09.255205,433.35,21,433.36,14,15.2,4704,15.21,6518,433.355,15.205
2021-07-06 09:50:19.293651,433.34,11,433.35,39,15.2,5256,15.21,6386,433.345,15.205
2021-07-06 09:50:29.328550,433.35,48,433.36,4,15.2,5285,15.21,6349,433.355,15.205
2021-07-06 09:50:39.366099,433.3,37,433.31,8,15.2,5565,15.21,5845,433.305,15.205
2021-07-06 09:50:49.098597,433.29,44,433.31,22,15.2,5451,15.21,6328,433.3,15.205
2021-07-06 09:50:59.371672,433.3,5,433.31,40,15.2,5504,15.21,6164,433.305,15.205
2021-07-06 09:51:09.163297,433.24,3,433.25,35,15.2,8065,15.21,3279,433.245,15.205
2021-07-06 09:51:09.163297,433.24,3,433.25,35,15.2,8065,15.21,3279,433.245,15.205
2021-07-06 09:51:19.167001,433.27,8,433.28,41,15.2,7467,15.21,4281,433.275,15.205
2021-07-06 09:51:29.234410,433.26,32,433.27,4,15.2,7961,15.21,3364,433.265,15.205
2021-07-06 09:51:39.213387,433.29,53,433.3,22,15.2,6353,15.21,5401,433.295,15.205
2021-07-06 09:51:49.303650,433.27,18,433.28,8,15.2,7875,15.21,3369,433.275,15.205
2021-07-06 09:51:59.543548,433.31,16,433.32,13,15.2,6357,15.21,5794,433.315,15.205
2021-07-06 09:52:09.375359,433.26,49,433.28,28,15.2,6439,15.21,3606,433.27,15.205
2021-07-06 09:52:19.305232,433.25,21,433.26,24,15.2,6630,15.21,3606,433.255,15.205
2021-07-06 09:52:29.343287,433.21,24,433.22,19,15.2,7366,15.21,3484,433.21500000000003,15.205
2021-07-06 09:52:39.172424,433.22,1,433.23,45,15.2,7434,15.21,3280,433.225,15.205
2021-07-06 09:52:49.413400,433.2,29,433.22,82,15.2,7453,15.21,3516,433.21000000000004,15.205
2021-07-06 09:52:59.405280,433.15,3,433.16,26,15.2,7141,15.21,2532,433.155,15.205
2021-07-06 09:53:09.177307,433.15,23,433.16,19,15.2,7093,15.21,2542,433.155,15.205
2021-07-06 09:53:19.187736,433.1,11,433.11,22,15.2,7867,15.21,65,433.105,15.205
2021-07-06 09:53:29.172332,433.14,46,433.15,6,15.2,7063,15.21,2580,433.145,15.205
2021-07-06 09:53:29.172332,433.14,46,433.15,6,15.2,7063,15.21,2580,433.145,15.205
2021-07-06 09:53:39.282916,433.15,12,433.16,16,15.2,7083,15.21,2233,433.155,15.205
2021-07-06 09:53:49.292700,433.09,26,433.1,6,15.2,7927,15.21,872,433.095,15.205
2021-07-06 09:53:59.244433,433.08,29,433.09,39,15.21,4266,15.22,9203,433.085,15.215
2021-07-06 09:54:09.261299,433.06,52,433.07,5,15.21,4744,15.22,9417,433.065,15.215
2021-07-06 09:54:18.281943,433.06,52,433.07,5,15.21,4744,15.22,9417,433.065,15.215
2021-07-06 09:54:19.322288,433.02,12,433.03,16,15.21,4787,15.22,9190,433.025,15.215
2021-07-06 09:54:29.308733,432.96,12,432.97,21,15.21,6980,15.22,3858,432.96500000000003,15.215
2021-07-06 09:54:39.187561,433.0,2,433.01,34,15.21,6314,15.22,4106,433.005,15.215
2021-07-06 09:54:49.189815,433.01,57,433.02,17,15.21,5814,15.22,5884,433.015,15.215
2021-07-06 09:54:59.392088,433.09,10,433.1,17,15.21,4480,15.22,7244,433.095,15.215
2021-07-06 09:55:09.224882,433.11,1,433.12,35,15.21,4012,15.22,7268,433.115,15.215
2021-07-06 09:55:19.233813,433.1,2,433.11,26,15.21,4228,15.22,7314,433.105,15.215
2021-07-06 09:55:29.291431,433.06,23,433.07,33,15.21,4368,15.22,7325,433.065,15.215
2021-07-06 09:55:34.277664,433.06,23,433.07,33,15.21,4368,15.22,7325,433.065,15.215
2021-07-06 09:55:39.296522,433.02,30,433.03,12,15.21,4775,15.22,7241,433.025,15.215
2021-07-06 09:55:39.296522,433.02,30,433.03,12,15.21,4775,15.22,7241,433.025,15.215
2021-07-06 09:55:49.094547,433.06,9,433.07,32,15.21,4221,15.22,7332,433.065,15.215
2021-07-06 09:55:59.441073,433.02,13,433.03,23,15.21,4881,15.22,7009,433.025,15.215
2021-07-06 09:56:09.144637,433.0,41,433.01,10,15.21,5655,15.22,5129,433.005,15.215
2021-07-06 09:56:19.203153,433.0,32,433.01,14,15.21,5719,15.22,5144,433.005,15.215
2021-07-06 09:56:29.190631,433.03,33,433.04,38,15.21,4517,15.22,6576,433.03499999999997,15.215
2021-07-06 09:56:39.301013,433.09,8,433.1,24,15.21,4295,15.22,6708,433.095,15.215
2021-07-06 09:56:49.338635,433.07,18,433.08,51,15.21,4296,15.22,6723,433.075,15.215
2021-07-06 09:56:59.510181,433.04,20,433.05,10,15.21,4578,15.22,6519,433.045,15.215
2021-07-06 09:57:09.283652,433.02,2,433.03,48,15.21,5702,15.22,5225,433.025,15.215
2021-07-06 09:57:19.341700,433.07,1,433.08,113,15.21,4341,15.22,6753,433.075,15.215
2021-07-06 09:57:29.329900,433.03,16,433.04,14,15.21,4505,15.22,6681,433.03499999999997,15.215
2021-07-06 09:57:39.411950,433.03,11,433.04,21,15.21,4928,15.22,6657,433.03499999999997,15.215
2021-07-06 09:57:49.139138,433.04,15,433.05,31,15.21,4501,15.22,6696,433.045,15.215
2021-07-06 09:57:59.398757,433.01,39,433.02,8,15.21,5216,15.22,5255,433.015,15.215
2021-07-06 09:58:09.210529,433.03,18,433.04,26,15.21,5013,15.22,6613,433.03499999999997,15.215
2021-07-06 09:58:19.246635,433.02,44,433.03,27,15.21,5005,15.22,6526,433.025,15.215
2021-07-06 09:58:29.246034,433.05,3,433.06,24,15.21,4478,15.22,6715,433.055,15.215
2021-07-06 09:58:39.316602,433.02,41,433.03,22,15.21,4648,15.22,6611,433.025,15.215
2021-07-06 09:58:49.959414,433.03,25,433.04,26,15.21,5037,15.22,6687,433.03499999999997,15.215
2021-07-06 09:58:49.959414,433.03,25,433.04,26,15.21,5037,15.22,6687,433.03499999999997,15.215
2021-07-06 09:58:59.286354,433.0,17,433.01,22,15.21,5781,15.22,5246,433.005,15.215
2021-07-06 09:59:09.320092,433.01,9,433.02,18,15.21,5513,15.22,6345,433.015,15.215
2021-07-06 09:59:09.320092,433.01,9,433.02,18,15.21,5513,15.22,6345,433.015,15.215
2021-07-06 09:59:09.320092,433.01,9,433.02,18,15.21,5513,15.22,6345,433.015,15.215
2021-07-06 09:59:19.315854,433.0,18,433.01,20,15.21,5684,15.22,5127,433.005,15.215
2021-07-06 09:59:29.188591,432.98,28,432.99,9,15.21,6204,15.22,4286,432.985,15.215
2021-07-06 09:59:39.323928,433.0,39,433.01,22,15.21,5561,15.22,5595,433.005,15.215
2021-07-06 09:59:39.323928,433.0,39,433.01,22,15.21,5561,15.22,5595,433.005,15.215
2021-07-06 09:59:49.358607,433.0,19,433.01,20,15.21,5270,15.22,5251,433.005,15.215
2021-07-06 09:59:59.095049,432.99,7,433.0,28,15.21,4597,15.22,3560,432.995,15.215
2021-07-06 10:00:09.122928,432.98,19,432.99,24,15.21,6399,15.22,4298,432.985,15.215
2021-07-06 10:00:09.122928,432.98,19,432.99,24,15.21,6399,15.22,4298,432.985,15.215
2021-07-06 10:00:19.259543,432.96,25,432.97,11,15.21,6616,15.22,4218,432.96500000000003,15.215
2021-07-06 10:00:29.192691,432.96,16,432.97,29,15.21,6632,15.22,4292,432.96500000000003,15.215
2021-07-06 10:00:39.226473,432.98,2,432.99,43,15.21,6574,15.22,4514,432.985,15.215
2021-07-06 10:00:49.261146,432.94,30,432.95,20,15.21,6582,15.22,4255,432.945,15.215
2021-07-06 10:00:59.288815,432.9,13,432.91,54,15.21,6597,15.22,3980,432.905,15.215
2021-07-06 10:01:09.318074,432.96,34,432.97,37,15.21,6591,15.22,3747,432.96500000000003,15.215
2021-07-06 10:01:19.087087,433.03,5,433.04,33,15.21,4704,15.22,6572,433.03499999999997,15.215
2021-07-06 10:01:29.113699,433.08,53,433.09,9,15.21,4469,15.22,6664,433.085,15.215
2021-07-06 10:01:39.247629,433.08,57,433.09,6,15.21,4490,15.22,6712,433.085,15.215
2021-07-06 10:01:49.249418,433.16,20,433.17,38,15.21,3060,15.22,7068,433.165,15.215
2021-07-06 10:01:59.339520,433.14,21,433.15,34,15.21,3640,15.22,7031,433.145,15.215
2021-07-06 10:02:09.134349,433.18,1,433.19,43,15.21,3210,15.22,6966,433.185,15.215
2021-07-06 10:02:19.147206,433.27,28,433.28,31,15.2,9411,15.21,5576,433.275,15.205
2021-07-06 10:02:29.249717,433.29,35,433.3,23,15.2,9093,15.21,6765,433.295,15.205
2021-07-06 10:02:32.126982,433.29,35,433.3,23,15.2,9093,15.21,6765,433.295,15.205
2021-07-06 10:02:39.240723,433.33,22,433.34,47,15.2,5024,15.21,9332,433.335,15.205
2021-07-06 10:02:39.240723,433.33,22,433.34,47,15.2,5024,15.21,9332,433.335,15.205
2021-07-06 10:02:49.276910,433.32,20,433.33,31,15.2,5013,15.21,9292,433.325,15.205
2021-07-06 10:02:59.261821,433.37,9,433.38,63,15.2,4873,15.21,9371,433.375,15.205
2021-07-06 10:03:09.201859,433.29,69,433.3,13,15.2,6452,15.21,7840,433.295,15.205
2021-07-06 10:03:09.201859,433.29,69,433.3,13,15.2,6452,15.21,7840,433.295,15.205
2021-07-06 10:03:19.279375,433.29,57,433.3,27,15.2,6536,15.21,7496,433.295,15.205
2021-07-06 10:03:29.110787,433.26,18,433.27,23,15.2,6536,15.21,7496,433.265,15.205
2021-07-06 10:03:29.110787,433.26,18,433.27,23,15.2,7174,15.21,6854,433.265,15.205
2021-07-06 10:03:39.144269,433.25,5,433.26,60,15.2,7194,15.21,6808,433.255,15.205
2021-07-06 10:03:49.230776,433.26,44,433.27,6,15.2,7166,15.21,6809,433.265,15.205
2021-07-06 10:03:49.230776,433.26,44,433.27,6,15.2,7166,15.21,6809,433.265,15.205
2021-07-06 10:03:59.316935,433.29,29,433.3,27,15.2,6903,15.21,7124,433.295,15.205
2021-07-06 10:04:09.093332,433.3,5,433.31,133,15.2,6216,15.21,8565,433.305,15.205
2021-07-06 10:04:18.157769,433.3,5,433.31,133,15.2,6216,15.21,8565,433.305,15.205
2021-07-06 10:04:19.133867,433.27,16,433.28,85,15.2,7122,15.21,6844,433.275,15.205
2021-07-06 10:04:29.306383,433.29,8,433.3,54,15.2,7005,15.21,7059,433.295,15.205
2021-07-06 10:04:32.083478,433.29,8,433.3,54,15.2,7005,15.21,7059,433.295,15.205
2021-07-06 10:04:39.148280,433.28,27,433.29,38,15.2,6976,15.21,7105,433.28499999999997,15.205
2021-07-06 10:04:49.106771,433.26,1,433.27,60,15.2,7147,15.21,6821,433.265,15.205
2021-07-06 10:04:49.106771,433.26,1,433.27,60,15.2,7147,15.21,6821,433.265,15.205
2021-07-06 10:04:59.341283,433.28,45,433.29,16,15.2,6580,15.21,7459,433.28499999999997,15.205
2021-07-06 10:05:02.153454,433.28,45,433.29,16,15.2,6580,15.21,7459,433.28499999999997,15.205
2021-07-06 10:05:09.255791,433.29,20,433.3,27,15.2,6131,15.21,8030,433.295,15.205
2021-07-06 10:05:19.290994,433.27,44,433.28,12,15.2,6596,15.21,7066,433.275,15.205
2021-07-06 10:05:29.280123,433.28,63,433.29,16,15.2,6574,15.21,7061,433.28499999999997,15.205
2021-07-06 10:05:39.107637,433.28,52,433.29,27,15.2,6610,15.21,7050,433.28499999999997,15.205
2021-07-06 10:05:49.190685,433.23,22,433.24,39,15.2,6741,15.21,6654,433.235,15.205
2021-07-06 10:05:59.485729,433.16,9,433.17,52,15.2,8332,15.21,5251,433.165,15.205
2021-07-06 10:06:09.363103,433.16,26,433.17,24,15.2,8322,15.21,4809,433.165,15.205
2021-07-06 10:06:19.296448,433.13,31,433.14,31,15.2,8387,15.21,3535,433.135,15.205
2021-07-06 10:06:19.296448,433.13,31,433.14,31,15.2,8387,15.21,3535,433.135,15.205
2021-07-06 10:06:29.307374,433.12,11,433.13,80,15.2,8582,15.21,1866,433.125,15.205
2021-07-06 10:06:39.082825,433.09,9,433.1,69,15.2,8638,15.21,1186,433.095,15.205
2021-07-06 10:06:49.108035,433.09,53,433.1,11,15.2,8512,15.21,1276,433.095,15.205
2021-07-06 10:06:59.134312,433.04,53,433.05,40,15.2,8512,15.21,1276,433.045,15.205
2021-07-06 10:06:59.134312,433.04,53,433.05,40,15.21,7108,15.22,7734,433.045,15.215
2021-07-06 10:07:09.268318,433.06,39,433.07,20,15.21,6848,15.22,7297,433.065,15.215
2021-07-06 10:07:19.200289,433.05,26,433.06,22,15.21,6894,15.22,7300,433.055,15.215
2021-07-06 10:07:19.200289,433.05,26,433.06,22,15.21,6894,15.22,7300,433.055,15.215
2021-07-06 10:07:29.212934,433.08,17,433.09,64,15.21,6848,15.22,7291,433.085,15.215
2021-07-06 10:07:39.271516,433.16,23,433.17,46,15.21,4847,15.22,7789,433.165,15.215
2021-07-06 10:07:49.264047,433.14,15,433.15,74,15.21,4775,15.22,7725,433.145,15.215
2021-07-06 10:07:59.290284,433.12,31,433.13,22,15.21,5365,15.22,7702,433.125,15.215
2021-07-06 10:08:09.325747,433.11,34,433.12,10,15.21,5375,15.22,7523,433.115,15.215
2021-07-06 10:08:09.325747,433.11,34,433.12,10,15.21,5375,15.22,7523,433.115,15.215
2021-07-06 10:08:19.207255,433.12,17,433.13,65,15.21,5387,15.22,7516,433.125,15.215
2021-07-06 10:08:29.242052,433.1,74,433.11,9,15.21,5385,15.22,7526,433.105,15.215
2021-07-06 10:08:39.276563,433.09,29,433.1,39,15.21,5412,15.22,7499,433.095,15.215
2021-07-06 10:08:49.107578,433.14,31,433.15,50,15.21,5163,15.22,7511,433.145,15.215
2021-07-06 10:08:59.230012,433.09,45,433.1,7,15.21,5506,15.22,7543,433.095,15.215
2021-07-06 10:09:09.259338,433.04,21,433.05,30,15.21,5537,15.22,7334,433.045,15.215
2021-07-06 10:09:19.418512,433.03,43,433.05,65,15.21,5637,15.22,7076,433.03999999999996,15.215
2021-07-06 10:09:29.146877,433.02,16,433.03,30,15.21,5888,15.22,6820,433.025,15.215
2021-07-06 10:09:39.385445,433.01,34,433.02,18,15.21,5882,15.22,6552,433.015,15.215
2021-07-06 10:09:39.385445,433.01,34,433.02,18,15.21,5882,15.22,6552,433.015,15.215
2021-07-06 10:09:49.113956,433.0,86,433.01,13,15.21,6856,15.22,5761,433.005,15.215
2021-07-06 10:09:58.125029,433.0,86,433.01,13,15.21,5692,15.22,7198,433.005,15.215
2021-07-06 10:09:59.112555,433.03,33,433.04,16,15.21,5692,15.22,7198,433.03499999999997,15.215
2021-07-06 10:10:09.141040,433.03,8,433.04,48,15.21,5692,15.22,7200,433.03499999999997,15.215
2021-07-06 10:10:19.219682,433.01,13,433.02,45,15.21,5910,15.22,6163,433.015,15.215
2021-07-06 10:10:29.236194,433.0,33,433.01,80,15.21,6975,15.22,5130,433.005,15.215
2021-07-06 10:10:39.289214,432.97,13,432.98,50,15.21,7547,15.22,3934,432.975,15.215
2021-07-06 10:10:49.293870,433.02,16,433.03,58,15.21,5904,15.22,6612,433.025,15.215
2021-07-06 10:10:59.359643,433.01,44,433.02,11,15.21,5872,15.22,6257,433.015,15.215
2021-07-06 10:11:09.190351,433.03,22,433.04,18,15.21,5644,15.22,6746,433.03499999999997,15.215
2021-07-06 10:11:19.225281,432.99,35,433.0,6,15.21,7206,15.22,5006,432.995,15.215
2021-07-06 10:11:19.225281,432.99,35,433.0,6,15.21,7206,15.22,5006,432.995,15.215
2021-07-06 10:11:29.260782,432.99,11,433.0,50,15.21,7518,15.22,4231,432.995,15.215
2021-07-06 10:11:39.194595,432.99,46,433.0,13,15.21,7538,15.22,4178,432.995,15.215
2021-07-06 10:11:39.194595,432.99,46,433.0,13,15.21,7538,15.22,4178,432.995,15.215
2021-07-06 10:11:49.229516,432.98,12,432.99,49,15.21,7630,15.22,4185,432.985,15.215
2021-07-06 10:11:59.209869,433.0,41,433.01,3,15.21,7038,15.22,5142,433.005,15.215
2021-07-06 10:12:09.122706,432.99,8,433.0,58,15.21,7538,15.22,4563,432.995,15.215
2021-07-06 10:12:19.152091,432.96,46,432.97,17,15.21,7547,15.22,3934,432.96500000000003,15.215
2021-07-06 10:12:19.152091,432.96,46,432.97,17,15.21,7548,15.22,3811,432.96500000000003,15.215
2021-07-06 10:12:29.235751,432.96,26,432.97,11,15.21,7548,15.22,3811,432.96500000000003,15.215
2021-07-06 10:12:32.197594,432.96,26,432.97,11,15.21,7548,15.22,3811,432.96500000000003,15.215
2021-07-06 10:12:39.217769,432.97,31,432.98,22,15.21,7542,15.22,3879,432.975,15.215
2021-07-06 10:12:39.217769,432.97,31,432.98,22,15.21,7546,15.22,3742,432.975,15.215
2021-07-06 10:12:48.211028,432.97,31,432.98,22,15.21,7546,15.22,3742,432.975,15.215
2021-07-06 10:12:49.170632,432.95,36,432.96,36,15.21,7546,15.22,3742,432.955,15.215
2021-07-06 10:12:59.112757,432.97,2,432.98,103,15.21,7339,15.22,3590,432.975,15.215
2021-07-06 10:13:09.103727,433.0,3,433.01,53,15.21,7331,15.22,3931,433.005,15.215
2021-07-06 10:13:19.340167,433.02,3,433.03,75,15.21,5803,15.22,5948,433.025,15.215
2021-07-06 10:13:29.272558,433.01,36,433.02,12,15.21,5818,15.22,5923,433.015,15.215
2021-07-06 10:13:32.175303,433.01,36,433.02,12,15.21,6997,15.22,4712,433.015,15.215
2021-07-06 10:13:39.205050,433.01,36,433.02,12,15.21,6997,15.22,4712,433.015,15.215
2021-07-06 10:13:39.206004,433.0,21,433.01,37,15.21,6997,15.22,4712,433.005,15.215
2021-07-06 10:13:46.270566,433.0,21,433.01,37,15.21,7045,15.22,4710,433.005,15.215
2021-07-06 10:13:46.270566,433.0,21,433.01,37,15.21,7045,15.22,4710,433.005,15.215
2021-07-06 10:13:49.218503,432.99,46,433.0,11,15.21,7045,15.22,4710,432.995,15.215
2021-07-06 10:13:59.242546,432.98,27,432.99,8,15.21,7366,15.22,3720,432.985,15.215
2021-07-06 10:14:09.311562,433.0,25,433.01,23,15.21,5241,15.22,2312,433.005,15.215
2021-07-06 10:14:09.311562,433.0,25,433.01,23,15.21,5241,15.22,2312,433.005,15.215
2021-07-06 10:14:19.292901,433.0,17,433.01,25,15.21,4766,15.22,1429,433.005,15.215
2021-07-06 10:14:19.292901,433.0,17,433.01,25,15.21,5340,15.22,1939,433.005,15.215
2021-07-06 10:14:29.316888,432.98,28,432.99,4,15.21,4766,15.22,1429,432.985,15.215
2021-07-06 10:14:39.109550,432.99,20,433.0,24,15.21,4800,15.22,1495,432.995,15.215
2021-07-06 10:14:39.109550,432.99,20,433.0,24,15.21,4800,15.22,1495,432.995,15.215
2021-07-06 10:14:46.162500,432.99,20,433.0,24,15.21,1797,15.22,423,432.995,15.215
2021-07-06 10:14:49.145744,432.99,16,433.0,9,15.21,1797,15.22,423,432.995,15.215
2021-07-06 10:14:59.144162,432.97,11,432.98,9,15.21,233,15.22,171,432.975,15.215
2021-07-06 10:15:02.254343,432.97,11,432.98,9,15.21,3022,15.22,1429,432.975,15.215
2021-07-06 10:15:09.217425,432.96,8,432.98,11,15.21,3022,15.22,1429,432.97,15.215
2021-07-06 10:15:19.195176,433.01,4,433.02,2,15.21,2840,15.22,1726,433.015,15.215
2021-07-06 10:15:29.285897,433.02,6,433.03,3,15.21,2941,15.22,1980,433.025,15.215
2021-07-06 10:15:32.227327,433.02,6,433.03,3,15.21,2941,15.22,1980,433.025,15.215
2021-07-06 10:15:39.322944,433.0,1,433.01,8,15.21,3249,15.22,1711,433.005,15.215
2021-07-06 10:15:49.357593,433.01,42,433.02,2,15.21,3118,15.22,3614,433.015,15.215
2021-07-06 10:15:59.295965,433.04,9,433.05,20,15.21,4412,15.22,3817,433.045,15.215
2021-07-06 10:16:09.324346,432.91,10,432.92,40,15.21,6585,15.22,3358,432.915,15.215
2021-07-06 10:16:19.360562,432.84,5,432.85,36,15.21,6836,15.22,1469,432.845,15.215
2021-07-06 10:16:29.293914,432.87,4,432.88,51,15.21,6046,15.22,2963,432.875,15.215
2021-07-06 10:16:39.328872,432.81,41,432.82,13,15.21,6545,15.22,274,432.815,15.215
2021-07-06 10:16:49.158987,432.77,16,432.78,29,15.22,6682,15.23,9395,432.775,15.225000000000001
2021-07-06 10:16:59.107886,432.78,62,432.79,2,15.22,6683,15.23,9395,432.78499999999997,15.225000000000001
2021-07-06 10:17:09.126504,432.8,44,432.81,1,15.22,6078,15.23,9607,432.805,15.225000000000001
2021-07-06 10:17:19.366027,432.83,32,432.84,31,15.22,5993,15.23,9501,432.835,15.225000000000001
2021-07-06 10:17:29.303118,432.77,12,432.78,38,15.22,6215,15.23,9433,432.775,15.225000000000001
2021-07-06 10:17:39.230769,432.75,2,432.76,34,15.22,6280,15.23,9341,432.755,15.225000000000001
2021-07-06 10:17:49.369646,432.7,11,432.71,43,15.22,8493,15.23,4656,432.705,15.225000000000001
2021-07-06 10:17:59.083041,432.72,16,432.73,30,15.22,7949,15.23,5119,432.725,15.225000000000001
2021-07-06 10:18:02.155402,432.72,16,432.73,30,15.22,7949,15.23,5119,432.725,15.225000000000001
2021-07-06 10:18:09.132990,432.75,37,432.76,84,15.22,6734,15.23,6929,432.755,15.225000000000001
2021-07-06 10:18:19.218457,432.83,17,432.84,145,15.22,6552,15.23,8670,432.835,15.225000000000001
2021-07-06 10:18:29.099620,432.74,54,432.76,101,15.22,6770,15.23,8435,432.75,15.225000000000001
2021-07-06 10:18:29.099620,432.74,54,432.76,101,15.22,6770,15.23,8435,432.75,15.225000000000001
2021-07-06 10:18:39.236461,432.74,1,432.75,157,15.22,7061,15.23,7205,432.745,15.225000000000001
2021-07-06 10:18:39.236461,432.74,1,432.75,157,15.22,7061,15.23,7205,432.745,15.225000000000001
2021-07-06 10:18:49.171109,432.75,16,432.76,37,15.22,6832,15.23,8403,432.755,15.225000000000001
2021-07-06 10:18:49.171109,432.75,16,432.76,37,15.22,6832,15.23,8403,432.755,15.225000000000001
2021-07-06 10:18:59.146680,432.77,43,432.78,13,15.22,6764,15.23,8560,432.775,15.225000000000001
2021-07-06 10:19:09.176527,432.71,13,432.72,37,15.22,8489,15.23,6719,432.71500000000003,15.225000000000001
2021-07-06 10:19:19.379416,432.7,39,432.71,131,15.22,8700,15.23,6251,432.705,15.225000000000001
2021-07-06 10:19:29.106254,432.68,27,432.69,44,15.22,8847,15.23,4479,432.685,15.225000000000001
2021-07-06 10:19:39.142847,432.62,42,432.63,25,15.22,10866,15.23,3741,432.625,15.225000000000001
2021-07-06 10:19:49.176873,432.64,1,432.65,40,15.22,10454,15.23,3775,432.645,15.225000000000001
2021-07-06 10:19:59.185193,432.67,16,432.68,41,15.22,10523,15.23,3901,432.675,15.225000000000001
2021-07-06 10:20:09.246230,432.62,19,432.63,22,15.22,10518,15.23,3749,432.625,15.225000000000001
2021-07-06 10:20:19.217801,432.63,27,432.64,13,15.22,10536,15.23,3686,432.635,15.225000000000001
2021-07-06 10:20:29.317603,432.66,14,432.67,32,15.22,10482,15.23,3755,432.665,15.225000000000001
2021-07-06 10:20:39.250707,432.64,23,432.65,22,15.22,10496,15.23,3721,432.645,15.225000000000001
2021-07-06 10:20:49.183524,432.63,35,432.64,6,15.22,10444,15.23,3745,432.635,15.225000000000001
2021-07-06 10:20:49.183524,432.63,35,432.64,6,15.22,10444,15.23,3745,432.635,15.225000000000001
2021-07-06 10:20:59.218611,432.57,38,432.58,12,15.22,10524,15.23,2747,432.575,15.225000000000001
2021-07-06 10:21:09.253418,432.65,43,432.66,5,15.22,10362,15.23,3530,432.655,15.225000000000001
2021-07-06 10:21:19.186541,432.65,43,432.66,5,15.22,10265,15.23,3530,432.655,15.225000000000001
2021-07-06 10:21:19.187708,432.66,53,432.68,74,15.22,10265,15.23,3530,432.67,15.225000000000001
2021-07-06 10:21:29.322898,432.62,15,432.63,40,15.22,10242,15.23,3461,432.625,15.225000000000001
2021-07-06 10:21:39.357780,432.61,1,432.62,38,15.22,10218,15.23,3014,432.615,15.225000000000001
2021-07-06 10:21:49.292273,432.63,21,432.64,39,15.22,10194,15.23,3491,432.635,15.225000000000001
2021-07-06 10:21:59.098292,432.67,12,432.68,47,15.22,10235,15.23,3555,432.675,15.225000000000001
2021-07-06 10:22:09.257539,432.62,49,432.63,5,15.22,10213,15.23,3501,432.625,15.225000000000001
2021-07-06 10:22:19.199242,432.67,56,432.69,51,15.22,10152,15.23,3619,432.68,15.225000000000001
2021-07-06 10:22:29.227725,432.7,15,432.71,62,15.22,10019,15.23,3729,432.705,15.225000000000001
2021-07-06 10:22:39.262304,432.64,39,432.65,8,15.22,10065,15.23,3539,432.645,15.225000000000001
2021-07-06 10:22:49.252938,432.67,59,432.68,8,15.22,10093,15.23,3568,432.675,15.225000000000001
2021-07-06 10:22:59.333224,432.66,34,432.67,41,15.22,10140,15.23,3561,432.665,15.225000000000001
2021-07-06 10:23:00.048646,432.66,34,432.67,41,15.22,10140,15.23,3561,432.665,15.225000000000001
2021-07-06 10:23:09.366469,432.71,21,432.72,28,15.22,9845,15.23,3830,432.71500000000003,15.225000000000001
2021-07-06 10:23:09.366469,432.71,21,432.72,28,15.22,9845,15.23,3830,432.71500000000003,15.225000000000001
2021-07-06 10:23:19.094773,432.71,21,432.72,28,15.22,9845,15.23,3830,432.71500000000003,15.225000000000001
2021-07-06 10:23:19.402533,432.72,41,432.73,63,15.22,9853,15.23,4266,432.725,15.225000000000001
2021-07-06 10:23:29.335689,432.76,17,432.77,52,15.22,6551,15.23,6721,432.765,15.225000000000001
2021-07-06 10:23:39.268687,432.74,28,432.75,32,15.22,6783,15.23,6436,432.745,15.225000000000001
2021-07-06 10:23:49.283999,432.7,16,432.71,138,15.22,8693,15.23,3712,432.705,15.225000000000001
2021-07-06 10:23:59.407383,432.74,25,432.75,63,15.22,6725,15.23,6733,432.745,15.225000000000001
2021-07-06 10:24:09.086684,432.73,44,432.74,148,15.22,7225,15.23,6008,432.735,15.225000000000001
2021-07-06 10:24:19.144595,432.73,67,432.74,3,15.22,6730,15.23,6741,432.735,15.225000000000001
2021-07-06 10:24:19.144595,432.73,67,432.74,3,15.22,6730,15.23,6741,432.735,15.225000000000001
2021-07-06 10:24:29.245617,432.74,38,432.75,26,15.22,6719,15.23,6742,432.745,15.225000000000001
2021-07-06 10:24:39.163996,432.75,10,432.76,119,15.22,6811,15.23,6755,432.755,15.225000000000001
2021-07-06 10:24:49.113526,432.74,20,432.75,51,15.22,6912,15.23,6578,432.745,15.225000000000001
2021-07-06 10:24:59.148275,432.74,27,432.75,95,15.22,6911,15.23,6731,432.745,15.225000000000001
2021-07-06 10:25:09.183873,432.71,63,432.72,71,15.22,8049,15.23,6045,432.71500000000003,15.225000000000001
2021-07-06 10:25:19.175177,432.65,24,432.66,50,15.22,8738,15.23,3793,432.655,15.225000000000001
2021-07-06 10:25:19.175177,432.65,24,432.66,50,15.22,8738,15.23,3793,432.655,15.225000000000001
2021-07-06 10:25:29.253429,432.62,43,432.63,6,15.22,10171,15.23,3490,432.625,15.225000000000001
2021-07-06 10:25:39.288798,432.66,11,432.67,114,15.22,10392,15.23,3558,432.665,15.225000000000001
2021-07-06 10:25:39.288798,432.66,11,432.67,114,15.22,10392,15.23,3558,432.665,15.225000000000001
2021-07-06 10:25:49.324069,432.64,29,432.65,50,15.22,10256,15.23,3547,432.645,15.225000000000001
2021-07-06 10:25:59.275097,432.66,18,432.67,40,15.22,10332,15.23,3557,432.665,15.225000000000001
2021-07-06 10:26:09.299331,432.69,3,432.7,66,15.22,10294,15.23,3670,432.695,15.225000000000001
2021-07-06 10:26:19.430191,432.69,3,432.7,44,15.22,10197,15.23,3739,432.695,15.225000000000001
2021-07-06 10:26:29.158594,432.69,54,432.7,4,15.22,10242,15.23,3739,432.695,15.225000000000001
2021-07-06 10:26:39.397482,432.7,42,432.71,17,15.22,10006,15.23,3757,432.705,15.225000000000001
2021-07-06 10:26:49.226171,432.7,64,432.71,14,15.22,10015,15.23,3891,432.705,15.225000000000001
2021-07-06 10:26:59.365197,432.67,11,432.68,53,15.22,10246,15.23,3568,432.675,15.225000000000001
2021-07-06 10:27:09.196088,432.63,46,432.64,17,15.22,10314,15.23,3523,432.635,15.225000000000001
2021-07-06 10:27:19.231741,432.62,45,432.63,2,15.22,10318,15.23,3533,432.625,15.225000000000001
2021-07-06 10:27:19.231741,432.62,45,432.63,2,15.22,10318,15.23,3533,432.625,15.225000000000001
2021-07-06 10:27:29.266009,432.63,19,432.64,59,15.22,10250,15.23,3529,432.635,15.225000000000001
2021-07-06 10:27:39.402606,432.63,59,432.64,3,15.22,10311,15.23,3565,432.635,15.225000000000001
2021-07-06 10:27:39.402606,432.63,59,432.64,3,15.22,10311,15.23,3565,432.635,15.225000000000001
2021-07-06 10:27:49.233742,432.59,21,432.6,61,15.22,10238,15.23,3228,432.595,15.225000000000001
2021-07-06 10:27:49.233742,432.59,21,432.6,61,15.22,10238,15.23,3228,432.595,15.225000000000001
2021-07-06 10:27:59.215606,432.59,28,432.6,42,15.22,10299,15.23,3454,432.595,15.225000000000001
2021-07-06 10:28:09.203458,432.65,31,432.66,22,15.22,10198,15.23,3571,432.655,15.225000000000001
2021-07-06 10:28:19.238372,432.64,26,432.65,41,15.22,10261,15.23,3556,432.645,15.225000000000001
2021-07-06 10:28:29.171643,432.62,11,432.63,42,15.22,10182,15.23,3528,432.625,15.225000000000001
2021-07-06 10:28:30.297647,432.62,11,432.63,42,15.22,10182,15.23,3528,432.625,15.225000000000001
2021-07-06 10:28:39.308860,432.6,35,432.61,21,15.22,10149,15.23,3485,432.605,15.225000000000001
2021-07-06 10:28:49.241853,432.58,28,432.59,26,15.22,10156,15.23,3393,432.585,15.225000000000001
2021-07-06 10:28:59.503045,432.61,23,432.62,44,15.22,10141,15.23,3514,432.615,15.225000000000001
2021-07-06 10:28:59.503045,432.61,23,432.62,44,15.22,10141,15.23,3514,432.615,15.225000000000001
2021-07-06 10:29:09.311960,432.63,1,432.64,50,15.22,10194,15.23,3513,432.635,15.225000000000001
2021-07-06 10:29:18.133999,432.63,1,432.64,50,15.22,10194,15.23,3513,432.635,15.225000000000001
2021-07-06 10:29:19.143252,432.63,30,432.64,23,15.22,10179,15.23,3541,432.635,15.225000000000001
2021-07-06 10:29:29.177905,432.62,3,432.63,57,15.22,10207,15.23,3564,432.625,15.225000000000001
2021-07-06 10:29:39.315866,432.61,45,432.62,4,15.22,9205,15.23,3489,432.615,15.225000000000001
2021-07-06 10:29:49.286029,432.57,130,432.58,8,15.22,9134,15.23,3018,432.575,15.225000000000001
2021-07-06 10:29:59.384787,432.63,3,432.64,59,15.22,9159,15.23,3528,432.635,15.225000000000001
2021-07-06 10:30:09.216603,432.55,26,432.56,28,15.22,9240,15.23,2271,432.555,15.225000000000001
2021-07-06 10:30:19.352434,432.53,37,432.54,21,15.23,3942,15.24,8915,432.53499999999997,15.235
2021-07-06 10:30:29.182844,432.5,6,432.51,62,15.23,5154,15.24,8555,432.505,15.235
2021-07-06 10:30:39.321767,432.38,2,432.39,37,15.23,7905,15.24,3804,432.385,15.235
2021-07-06 10:30:49.254929,432.41,30,432.42,21,15.23,7706,15.24,4854,432.415,15.235
2021-07-06 10:30:59.289709,432.49,16,432.5,38,15.23,4538,15.24,7382,432.495,15.235
2021-07-06 10:31:09.296589,432.49,134,432.5,82,15.23,4488,15.24,7387,432.495,15.235
2021-07-06 10:31:19.155044,432.48,19,432.49,31,15.23,4601,15.24,7302,432.485,15.235
2021-07-06 10:31:29.189722,432.48,45,432.49,11,15.23,4640,15.24,7375,432.485,15.235
2021-07-06 10:31:39.186211,432.54,1,432.55,50,15.23,4392,15.24,7326,432.545,15.235
2021-07-06 10:31:49.260250,432.5,25,432.51,50,15.23,4504,15.24,7335,432.505,15.235
2021-07-06 10:31:59.234656,432.46,28,432.47,28,15.23,4507,15.24,7369,432.46500000000003,15.235
2021-07-06 10:32:09.330979,432.49,11,432.5,56,15.23,4519,15.24,7376,432.495,15.235
2021-07-06 10:32:19.469157,432.47,9,432.48,38,15.23,4581,15.24,7341,432.475,15.235
2021-07-06 10:32:29.382381,432.44,28,432.45,40,15.23,5244,15.24,6893,432.445,15.235
2021-07-06 10:32:39.333803,432.49,13,432.5,74,15.23,2857,15.24,5491,432.495,15.235
2021-07-06 10:32:49.164844,432.44,1,432.45,53,15.23,5197,15.24,6742,432.445,15.235
2021-07-06 10:32:59.302242,432.42,3,432.43,38,15.23,6132,15.24,5357,432.425,15.235
2021-07-06 10:33:09.337175,432.41,50,432.42,2,15.23,6747,15.24,4569,432.415,15.235
2021-07-06 10:33:19.257309,432.41,6,432.42,57,15.23,6947,15.24,4563,432.415,15.235
2021-07-06 10:33:29.202755,432.36,46,432.37,25,15.23,6976,15.24,3835,432.365,15.235
2021-07-06 10:33:39.339387,432.4,75,432.41,10,15.23,7043,15.24,4105,432.405,15.235
2021-07-06 10:33:49.230050,432.38,17,432.39,35,15.23,7030,15.24,3755,432.385,15.235
2021-07-06 10:33:59.571759,432.34,10,432.35,69,15.23,6964,15.24,3715,432.345,15.235
2021-07-06 10:34:08.319616,432.34,10,432.35,69,15.23,6964,15.24,3715,432.345,15.235
2021-07-06 10:34:09.343231,432.25,37,432.26,13,15.23,7117,15.24,2301,432.255,15.235
2021-07-06 10:34:19.379316,432.21,40,432.22,3,15.24,7088,15.25,9048,432.21500000000003,15.245000000000001
2021-07-06 10:34:29.209758,432.2,60,432.21,3,15.24,7050,15.25,9149,432.205,15.245000000000001
2021-07-06 10:34:39.180239,432.26,6,432.27,59,15.24,6777,15.25,9193,432.265,15.245000000000001
2021-07-06 10:34:49.381802,432.33,31,432.34,19,15.24,4067,15.25,9409,432.335,15.245000000000001
2021-07-06 10:34:49.381802,432.33,31,432.34,19,15.24,4067,15.25,9409,432.335,15.245000000000001
2021-07-06 10:34:59.314799,432.31,27,432.32,34,15.24,4144,15.25,9904,432.315,15.245000000000001
2021-07-06 10:34:59.314799,432.31,27,432.32,34,15.24,4144,15.25,9904,432.315,15.245000000000001
2021-07-06 10:35:09.082030,432.28,24,432.29,25,15.24,4176,15.25,9035,432.28499999999997,15.245000000000001
2021-07-06 10:35:19.319791,432.2,83,432.21,1,15.24,4914,15.25,9086,432.205,15.245000000000001
2021-07-06 10:35:28.201224,432.2,83,432.21,1,15.24,4914,15.25,9086,432.205,15.245000000000001
2021-07-06 10:35:29.215909,432.16,38,432.17,21,15.24,5044,15.25,9041,432.165,15.245000000000001
2021-07-06 10:35:32.213081,432.16,38,432.17,21,15.24,5044,15.25,9041,432.165,15.245000000000001
2021-07-06 10:35:39.251589,432.13,34,432.14,15,15.24,6172,15.25,8182,432.135,15.245000000000001
2021-07-06 10:35:49.286375,432.22,17,432.23,42,15.24,4905,15.25,7261,432.225,15.245000000000001
2021-07-06 10:35:59.264344,432.21,2,432.22,34,15.24,5086,15.25,9278,432.21500000000003,15.245000000000001
2021-07-06 10:36:09.355320,432.19,21,432.2,16,15.24,5081,15.25,9252,432.195,15.245000000000001
2021-07-06 10:36:19.391859,432.13,47,432.14,1,15.24,6040,15.25,8497,432.135,15.245000000000001
2021-07-06 10:36:29.093416,432.15,5,432.16,30,15.24,5685,15.25,9199,432.155,15.245000000000001
2021-07-06 10:36:39.153680,432.18,9,432.19,30,15.24,5231,15.25,9221,432.185,15.245000000000001
2021-07-06 10:36:49.081913,432.17,49,432.19,53,15.24,5179,15.25,9270,432.18,15.245000000000001
2021-07-06 10:36:59.209145,432.14,44,432.15,18,15.24,5827,15.25,8646,432.145,15.245000000000001
2021-07-06 10:37:09.237543,432.12,5,432.13,63,15.24,7430,15.25,4047,432.125,15.245000000000001
2021-07-06 10:37:19.265675,432.06,38,432.07,11,15.24,9459,15.25,3341,432.065,15.245000000000001
2021-07-06 10:37:29.292820,432.03,63,432.04,5,15.24,9500,15.25,3230,432.03499999999997,15.245000000000001
2021-07-06 10:37:39.320736,432.0,1,432.01,77,15.24,9629,15.25,1528,432.005,15.245000000000001
2021-07-06 10:37:49.098547,432.03,63,432.05,67,15.24,9409,15.25,3171,432.03999999999996,15.245000000000001
2021-07-06 10:37:59.213176,432.03,6,432.04,55,15.24,9397,15.25,3039,432.03499999999997,15.245000000000001
2021-07-06 10:38:06.192610,432.03,6,432.04,55,15.24,9397,15.25,3039,432.03499999999997,15.245000000000001
2021-07-06 10:38:09.162557,431.99,40,432.0,11,15.24,9453,15.25,2226,431.995,15.245000000000001
2021-07-06 10:38:19.159492,431.98,42,431.99,3,15.24,9263,15.25,1948,431.985,15.245000000000001
2021-07-06 10:38:29.187945,431.96,27,431.97,45,15.25,6035,15.26,10535,431.96500000000003,15.254999999999999
2021-07-06 10:38:29.187945,431.96,27,431.97,45,15.25,6035,15.26,10535,431.96500000000003,15.254999999999999
2021-07-06 10:38:39.268305,431.95,41,431.96,17,15.25,6870,15.26,10592,431.955,15.254999999999999
2021-07-06 10:38:49.258603,431.96,24,431.97,28,15.25,6991,15.26,10473,431.96500000000003,15.254999999999999
2021-07-06 10:38:59.276489,431.92,69,431.93,5,15.25,7418,15.26,10262,431.925,15.254999999999999
2021-07-06 10:39:09.375080,431.98,20,431.99,73,15.25,6770,15.26,10275,431.985,15.254999999999999
2021-07-06 10:39:19.409405,431.96,1,431.97,134,15.25,7533,15.26,10210,431.96500000000003,15.254999999999999
2021-07-06 10:39:29.137772,431.91,23,431.92,26,15.25,5493,15.26,7353,431.915,15.254999999999999
2021-07-06 10:39:39.126590,431.94,48,431.95,9,15.25,7506,15.26,9039,431.945,15.254999999999999
2021-07-06 10:39:49.207298,431.93,74,431.94,1,15.25,7502,15.26,8999,431.935,15.254999999999999
2021-07-06 10:39:52.158485,431.93,74,431.94,1,15.25,7507,15.26,8993,431.935,15.254999999999999
2021-07-06 10:39:59.218353,431.93,1,431.94,53,15.25,7507,15.26,8993,431.935,15.254999999999999
2021-07-06 10:40:09.200656,431.94,34,431.95,14,15.25,7505,15.26,9002,431.945,15.254999999999999
2021-07-06 10:40:19.310922,431.93,31,431.94,10,15.25,7505,15.26,9014,431.935,15.254999999999999
2021-07-06 10:40:29.253109,431.96,2,431.97,62,15.25,7328,15.26,9051,431.96500000000003,15.254999999999999
2021-07-06 10:40:39.383060,431.97,3,431.98,61,15.25,7326,15.26,9066,431.975,15.254999999999999
2021-07-06 10:40:39.383060,431.97,3,431.98,61,15.25,7326,15.26,9066,431.975,15.254999999999999
2021-07-06 10:40:49.315283,431.98,6,431.99,46,15.25,6883,15.26,9143,431.985,15.254999999999999
2021-07-06 10:40:59.224508,431.94,9,431.95,74,15.25,7678,15.26,9202,431.945,15.254999999999999
2021-07-06 10:41:09.282617,431.95,47,431.96,3,15.25,7385,15.26,9205,431.955,15.254999999999999
2021-07-06 10:41:19.113435,432.0,26,432.01,28,15.25,6243,15.26,9295,432.005,15.254999999999999
2021-07-06 10:41:29.098269,432.02,21,432.03,38,15.25,6328,15.26,9310,432.025,15.254999999999999
2021-07-06 10:41:39.183324,432.02,30,432.03,31,15.25,4799,15.26,9308,432.025,15.254999999999999
2021-07-06 10:41:49.218758,432.07,5,432.08,35,15.25,2899,15.26,9375,432.075,15.254999999999999
2021-07-06 10:41:52.187361,432.07,5,432.08,35,15.25,2899,15.26,9375,432.075,15.254999999999999
2021-07-06 10:41:59.218989,432.11,49,432.12,16,15.24,9978,15.25,8990,432.115,15.245000000000001
2021-07-06 10:42:09.289867,432.11,41,432.12,12,15.24,10029,15.25,8904,432.115,15.245000000000001
2021-07-06 10:42:19.232063,432.14,19,432.15,47,15.24,9350,15.25,9903,432.145,15.245000000000001
2021-07-06 10:42:29.360822,432.18,40,432.19,7,15.24,7802,15.25,11959,432.185,15.245000000000001
2021-07-06 10:42:29.360822,432.18,40,432.19,7,15.24,7802,15.25,11959,432.185,15.245000000000001
2021-07-06 10:42:39.395782,432.21,54,432.22,4,15.24,5177,15.25,11992,432.21500000000003,15.245000000000001
2021-07-06 10:42:49.329274,432.21,54,432.22,4,15.24,5177,15.25,11992,432.21500000000003,15.245000000000001
2021-07-06 10:42:49.330585,432.16,61,432.17,22,15.24,5271,15.25,11800,432.165,15.245000000000001
2021-07-06 10:42:59.094302,432.13,47,432.14,8,15.24,6904,15.25,9489,432.135,15.245000000000001
2021-07-06 10:43:09.297288,432.22,46,432.23,21,15.24,5269,15.25,12105,432.225,15.245000000000001
2021-07-06 10:43:19.230433,432.24,8,432.25,58,15.24,5146,15.25,12760,432.245,15.245000000000001
2021-07-06 10:43:29.123342,432.18,49,432.19,27,15.24,5215,15.25,12751,432.185,15.245000000000001
2021-07-06 10:43:39.301090,432.18,49,432.19,27,15.24,5215,15.25,12751,432.185,15.245000000000001
2021-07-06 10:43:39.301961,432.21,32,432.22,28,15.24,5199,15.25,12690,432.21500000000003,15.245000000000001
2021-07-06 10:43:49.335095,432.21,7,432.22,52,15.24,5157,15.25,12696,432.21500000000003,15.245000000000001
2021-07-06 10:43:59.313022,432.21,58,432.22,10,15.24,4593,15.25,12726,432.21500000000003,15.245000000000001
2021-07-06 10:44:09.665452,432.21,14,432.22,40,15.24,4630,15.25,12690,432.21500000000003,15.245000000000001
2021-07-06 10:44:19.236572,432.19,11,432.2,40,15.24,4630,15.25,12650,432.195,15.245000000000001
2021-07-06 10:44:29.271840,432.25,9,432.26,41,15.24,4592,15.25,12675,432.255,15.245000000000001
2021-07-06 10:44:39.306226,432.26,56,432.27,2,15.24,4202,15.25,12635,432.265,15.245000000000001
2021-07-06 10:44:49.341924,432.24,2,432.25,69,15.24,4613,15.25,12635,432.245,15.245000000000001
2021-07-06 10:44:59.376534,432.26,55,432.27,4,15.24,4544,15.25,12422,432.265,15.245000000000001
2021-07-06 10:45:09.411774,432.18,70,432.19,33,15.24,4629,15.25,12367,432.185,15.245000000000001
2021-07-06 10:45:19.240859,432.17,1,432.18,74,15.24,4774,15.25,12301,432.175,15.245000000000001
2021-07-06 10:45:29.277674,432.15,34,432.16,28,15.24,4869,15.25,11411,432.155,15.245000000000001
2021-07-06 10:45:39.312703,432.1,59,432.11,4,15.24,7015,15.25,7703,432.105,15.245000000000001
2021-07-06 10:45:49.348313,432.08,52,432.09,31,15.24,7010,15.25,7667,432.085,15.245000000000001
2021-07-06 10:45:59.280647,432.06,36,432.07,40,15.24,9997,15.25,7149,432.065,15.245000000000001
2021-07-06 10:46:09.110996,432.0,78,432.01,1,15.24,9967,15.25,5989,432.005,15.245000000000001
2021-07-06 10:46:17.200278,432.0,78,432.01,1,15.24,9967,15.25,5989,432.005,15.245000000000001
2021-07-06 10:46:19.248136,432.03,51,432.04,10,15.24,9538,15.25,6901,432.03499999999997,15.245000000000001
2021-07-06 10:46:29.215454,432.03,55,432.04,59,15.24,9524,15.25,6508,432.03499999999997,15.245000000000001
2021-07-06 10:46:39.319668,432.03,23,432.04,61,15.24,9550,15.25,6569,432.03499999999997,15.245000000000001
2021-07-06 10:46:49.253499,432.06,29,432.07,33,15.24,9538,15.25,6983,432.065,15.245000000000001
2021-07-06 10:46:59.218869,432.08,51,432.09,32,15.24,9523,15.25,7028,432.085,15.245000000000001
2021-07-06 10:47:09.131687,432.01,58,432.02,4,15.24,9609,15.25,6418,432.015,15.245000000000001
2021-07-06 10:47:09.131687,432.01,58,432.02,4,15.24,9608,15.25,4269,432.015,15.245000000000001
2021-07-06 10:47:19.255380,431.96,11,431.97,60,15.24,9608,15.25,4269,431.96500000000003,15.245000000000001
2021-07-06 10:47:29.290831,431.94,5,431.95,99,15.24,9625,15.25,1342,431.945,15.245000000000001
2021-07-06 10:47:39.216173,431.9,40,431.91,25,15.25,7837,15.26,11863,431.905,15.254999999999999
2021-07-06 10:47:49.260795,431.89,1,431.9,76,15.25,8339,15.26,8845,431.895,15.254999999999999
2021-07-06 10:47:59.269481,431.68,5,431.69,74,15.25,11636,15.26,1584,431.685,15.254999999999999
2021-07-06 10:48:09.327875,431.54,1,431.55,71,15.26,10359,15.27,4710,431.545,15.265
2021-07-06 10:48:19.262775,431.51,3,431.52,27,15.26,12520,15.27,4139,431.515,15.265
2021-07-06 10:48:29.298082,431.5,3,431.5,2,15.26,12535,15.27,4016,431.5,15.265
2021-07-06 10:48:39.333087,431.49,41,431.5,3,15.26,11347,15.27,3985,431.495,15.265
2021-07-06 10:48:49.273740,431.59,17,431.6,43,15.26,7287,15.27,7388,431.595,15.265
2021-07-06 10:48:59.081277,431.57,64,431.58,3,15.26,7238,15.27,7282,431.575,15.265
2021-07-06 10:49:09.130596,431.49,20,431.5,24,15.26,11342,15.27,3968,431.495,15.265
2021-07-06 10:49:19.267566,431.43,27,431.44,30,15.26,11266,15.27,2938,431.435,15.265
2021-07-06 10:49:29.201314,431.43,4,431.44,46,15.26,11154,15.27,3112,431.435,15.265
2021-07-06 10:49:39.218631,431.36,2,431.37,33,15.27,7388,15.28,10903,431.365,15.274999999999999
2021-07-06 10:49:49.169064,431.37,55,431.38,37,15.27,7682,15.28,12032,431.375,15.274999999999999
2021-07-06 10:49:59.241258,431.42,24,431.43,18,15.27,5061,15.28,12090,431.425,15.274999999999999
2021-07-06 10:50:09.293967,431.35,67,431.36,1,15.27,5176,15.28,12015,431.355,15.274999999999999
2021-07-06 10:50:19.188861,431.34,111,431.35,2,15.27,5199,15.28,11951,431.345,15.274999999999999
2021-07-06 10:50:29.148396,431.36,29,431.37,15,15.27,5164,15.28,11917,431.365,15.274999999999999
2021-07-06 10:50:39.251833,431.33,20,431.34,30,15.27,5281,15.28,11931,431.335,15.274999999999999
2021-07-06 10:50:49.381782,431.26,28,431.27,21,15.27,7993,15.28,4344,431.265,15.274999999999999
2021-07-06 10:50:59.338078,431.27,33,431.28,10,15.27,7647,15.28,6319,431.275,15.274999999999999
2021-07-06 10:51:09.146174,431.32,57,431.33,31,15.27,5879,15.28,8250,431.325,15.274999999999999
2021-07-06 10:51:19.178410,431.32,57,431.33,31,15.27,5774,15.28,8216,431.325,15.274999999999999
2021-07-06 10:51:19.179320,431.36,58,431.37,4,15.27,5774,15.28,8216,431.365,15.274999999999999
2021-07-06 10:51:29.215904,431.38,43,431.39,5,15.27,5319,15.28,10350,431.385,15.274999999999999
2021-07-06 10:51:39.251827,431.43,25,431.44,18,15.27,4404,15.28,11788,431.435,15.274999999999999
2021-07-06 10:51:49.232804,431.48,28,431.49,16,15.27,3239,15.28,10975,431.485,15.274999999999999
2021-07-06 10:51:59.256882,431.56,27,431.57,60,15.26,11029,15.27,8109,431.565,15.265
2021-07-06 10:52:09.355949,431.59,33,431.6,28,15.26,7128,15.27,8670,431.595,15.265
2021-07-06 10:52:19.309625,431.69,32,431.7,13,15.26,5529,15.27,8748,431.695,15.265
2021-07-06 10:52:29.428145,431.73,17,431.74,31,15.26,4423,15.27,8937,431.735,15.265
2021-07-06 10:52:39.106167,431.69,35,431.7,21,15.26,5048,15.27,8781,431.695,15.265
2021-07-06 10:52:49.131881,431.7,17,431.71,24,15.26,4743,15.27,8865,431.705,15.265
2021-07-06 10:52:50.143480,431.7,17,431.71,24,15.26,4743,15.27,8865,431.705,15.265
2021-07-06 10:52:59.137161,431.74,40,431.75,1,15.26,4119,15.27,8882,431.745,15.265
2021-07-06 10:53:09.191602,431.72,29,431.73,72,15.26,4552,15.27,8766,431.725,15.265
2021-07-06 10:53:19.072579,431.76,14,431.77,76,15.26,4054,15.27,8929,431.765,15.265
2021-07-06 10:53:29.198770,431.86,18,431.87,22,15.25,7454,15.26,11544,431.865,15.254999999999999
2021-07-06 10:53:39.274090,431.93,22,431.94,22,15.25,5613,15.26,11660,431.935,15.254999999999999
2021-07-06 10:53:49.089567,431.93,22,431.94,22,15.25,6595,15.26,10204,431.935,15.254999999999999
2021-07-06 10:53:49.319586,431.86,12,431.87,54,15.25,6595,15.26,10204,431.865,15.254999999999999
2021-07-06 10:53:59.123933,431.87,29,431.88,53,15.25,6520,15.26,8430,431.875,15.254999999999999
2021-07-06 10:54:09.098385,431.88,46,431.89,29,15.25,5730,15.26,10722,431.885,15.254999999999999
2021-07-06 10:54:19.146123,431.85,19,431.86,55,15.25,7986,15.26,7949,431.855,15.254999999999999
2021-07-06 10:54:29.171698,431.84,2,431.85,53,15.25,8316,15.26,7763,431.845,15.254999999999999
2021-07-06 10:54:39.235981,431.85,1,431.86,64,15.25,8245,15.26,7862,431.855,15.254999999999999
2021-07-06 10:54:49.259460,431.81,2,431.82,68,15.25,8333,15.26,7611,431.815,15.254999999999999
2021-07-06 10:54:59.284870,431.83,23,431.84,39,15.25,8314,15.26,7872,431.835,15.254999999999999
2021-07-06 10:55:09.308619,431.74,62,431.75,12,15.25,8438,15.26,6404,431.745,15.254999999999999
2021-07-06 10:55:19.084167,431.72,41,431.73,53,15.25,8389,15.26,5563,431.725,15.254999999999999
2021-07-06 10:55:29.172734,431.79,7,431.8,48,15.25,8379,15.26,6487,431.795,15.254999999999999
2021-07-06 10:55:39.143829,431.79,15,431.8,33,15.25,8364,15.26,6497,431.795,15.254999999999999
2021-07-06 10:55:49.158270,431.73,51,431.74,7,15.25,6397,15.26,4483,431.735,15.254999999999999
2021-07-06 10:55:59.184857,431.72,12,431.73,53,15.25,6394,15.26,3896,431.725,15.254999999999999
2021-07-06 10:56:09.316545,431.76,73,431.77,8,15.25,7359,15.26,4214,431.765,15.254999999999999
2021-07-06 10:56:19.248118,431.73,6,431.74,85,15.25,7427,15.26,3096,431.735,15.254999999999999
2021-07-06 10:56:29.168758,431.72,9,431.73,33,15.25,8121,15.26,3002,431.725,15.254999999999999
2021-07-06 10:56:39.113320,431.76,30,431.77,31,15.25,8048,15.26,3801,431.765,15.254999999999999
2021-07-06 10:56:49.203822,431.77,21,431.78,33,15.25,8137,15.26,3919,431.775,15.254999999999999
2021-07-06 10:56:59.257715,431.78,2,431.79,116,15.25,8132,15.26,3895,431.78499999999997,15.254999999999999
2021-07-06 10:57:09.326557,431.82,47,431.83,13,15.25,8109,15.26,4074,431.825,15.254999999999999
2021-07-06 10:57:19.280150,431.8,19,431.81,74,15.25,8185,15.26,3942,431.805,15.254999999999999
2021-07-06 10:57:29.305462,431.79,49,431.8,10,15.25,8128,15.26,3907,431.795,15.254999999999999
2021-07-06 10:57:29.305462,431.79,49,431.8,10,15.25,8128,15.26,3907,431.795,15.254999999999999
2021-07-06 10:57:39.430105,431.79,35,431.8,9,15.25,8181,15.26,3883,431.795,15.254999999999999
2021-07-06 10:57:49.104322,431.82,31,431.83,24,15.25,8183,15.26,3884,431.825,15.254999999999999
2021-07-06 10:57:50.196579,431.82,31,431.83,24,15.25,8183,15.26,3884,431.825,15.254999999999999
2021-07-06 10:57:59.127414,431.79,16,431.8,65,15.25,8134,15.26,3866,431.795,15.254999999999999
2021-07-06 10:58:09.229368,431.78,53,431.79,10,15.25,8137,15.26,3900,431.78499999999997,15.254999999999999
2021-07-06 10:58:19.264560,431.81,24,431.82,75,15.25,8198,15.26,3985,431.815,15.254999999999999
2021-07-06 10:58:20.173630,431.81,24,431.82,75,15.25,8198,15.26,3985,431.815,15.254999999999999
2021-07-06 10:58:29.297935,431.8,62,431.82,127,15.25,8143,15.26,3886,431.81,15.254999999999999
2021-07-06 10:58:39.232783,431.83,60,431.84,6,15.25,8154,15.26,3968,431.835,15.254999999999999
2021-07-06 10:58:49.237111,431.88,12,431.89,54,15.25,6694,15.26,7412,431.885,15.254999999999999
2021-07-06 10:58:59.258548,431.89,27,431.9,44,15.25,5972,15.26,7854,431.895,15.254999999999999
2021-07-06 10:59:09.338359,431.89,41,431.9,42,15.25,5897,15.26,7911,431.895,15.254999999999999
2021-07-06 10:59:09.338359,431.89,41,431.9,42,15.25,5897,15.26,7911,431.895,15.254999999999999
2021-07-06 10:59:19.373805,431.87,51,431.88,8,15.25,6100,15.26,7688,431.875,15.254999999999999
2021-07-06 10:59:29.076328,431.89,19,431.9,47,15.25,6139,15.26,7868,431.895,15.254999999999999
2021-07-06 10:59:39.123408,431.88,15,431.89,43,15.25,6653,15.26,7546,431.885,15.254999999999999
2021-07-06 10:59:49.107851,431.9,33,431.91,19,15.25,5862,15.26,7924,431.905,15.254999999999999
2021-07-06 10:59:59.131736,431.88,17,431.89,67,15.25,6471,15.26,7864,431.885,15.254999999999999
2021-07-06 11:00:09.200679,431.89,17,431.9,32,15.25,5955,15.26,7820,431.895,15.254999999999999
2021-07-06 11:00:19.181887,431.87,26,431.88,34,15.25,6613,15.26,7438,431.875,15.254999999999999
2021-07-06 11:00:20.199710,431.87,26,431.88,34,15.25,6613,15.26,7438,431.875,15.254999999999999
2021-07-06 11:00:29.314048,431.84,49,431.85,7,15.25,7954,15.26,6159,431.845,15.254999999999999
2021-07-06 11:00:38.324189,431.84,49,431.85,7,15.25,8058,15.26,4288,431.845,15.254999999999999
2021-07-06 11:00:39.246604,431.78,25,431.79,16,15.25,8058,15.26,4288,431.78499999999997,15.254999999999999
2021-07-06 11:00:39.246604,431.78,25,431.79,16,15.25,8058,15.26,4288,431.78499999999997,15.254999999999999
2021-07-06 11:00:49.260998,431.74,16,431.75,51,15.25,8092,15.26,4192,431.745,15.254999999999999
2021-07-06 11:00:59.323973,431.68,22,431.69,21,15.25,8116,15.26,2738,431.685,15.254999999999999
2021-07-06 11:01:09.308473,431.64,13,431.65,54,15.25,8256,15.26,314,431.645,15.254999999999999
2021-07-06 11:01:19.154555,431.66,49,431.67,1,15.26,6858,15.27,10135,431.665,15.265
2021-07-06 11:01:20.155772,431.66,49,431.67,1,15.26,6858,15.27,10135,431.665,15.265
2021-07-06 11:01:29.178475,431.66,32,431.67,30,15.26,6858,15.27,10333,431.665,15.265
2021-07-06 11:01:39.201604,431.68,63,431.69,21,15.26,5636,15.27,10231,431.685,15.265
2021-07-06 11:01:49.224054,431.59,37,431.6,32,15.26,5774,15.27,9888,431.595,15.265
2021-07-06 11:01:59.323989,431.57,37,431.58,47,15.26,6589,15.27,9346,431.575,15.265
2021-07-06 11:02:09.334150,431.54,10,431.55,67,15.26,8466,15.27,6835,431.545,15.265
2021-07-06 11:02:09.334150,431.54,10,431.55,67,15.26,8466,15.27,6835,431.545,15.265
2021-07-06 11:02:19.243068,431.58,101,431.59,4,15.26,6132,15.27,9634,431.585,15.265
2021-07-06 11:02:29.325769,431.61,31,431.62,80,15.26,5939,15.27,9888,431.615,15.265
2021-07-06 11:02:39.257224,431.67,33,431.68,24,15.26,5700,15.27,10009,431.675,15.265
2021-07-06 11:02:49.397609,431.64,45,431.65,27,15.26,5729,15.27,9924,431.645,15.265
2021-07-06 11:02:59.124042,431.64,44,431.65,26,15.26,5766,15.27,10036,431.645,15.265
2021-07-06 11:03:09.112040,431.61,56,431.62,24,15.26,5790,15.27,9933,431.615,15.265
2021-07-06 11:03:19.137235,431.65,43,431.66,4,15.26,5704,15.27,10083,431.655,15.265
2021-07-06 11:03:29.231352,431.59,21,431.6,48,15.26,5846,15.27,9708,431.595,15.265
2021-07-06 11:03:39.265857,431.61,3,431.62,40,15.26,5919,15.27,9978,431.615,15.265
2021-07-06 11:03:49.266146,431.67,3,431.68,91,15.26,5699,15.27,10028,431.675,15.265
2021-07-06 11:03:59.278714,431.61,28,431.62,38,15.26,5784,15.27,9920,431.615,15.265
2021-07-06 11:03:59.278714,431.61,28,431.62,38,15.26,5784,15.27,9920,431.615,15.265
2021-07-06 11:04:09.260147,431.61,92,431.62,1,15.26,5798,15.27,9886,431.615,15.265
2021-07-06 11:04:19.306142,431.64,5,431.65,59,15.26,5748,15.27,9940,431.645,15.265
2021-07-06 11:04:29.323271,431.65,38,431.66,27,15.26,5700,15.27,9992,431.655,15.265
2021-07-06 11:04:39.167486,431.64,46,431.65,23,15.26,4105,15.27,8044,431.645,15.265
2021-07-06 11:04:49.213048,431.67,2,431.68,95,15.26,4045,15.27,7987,431.675,15.265
2021-07-06 11:04:59.337767,431.64,36,431.65,31,15.26,5724,15.27,9784,431.645,15.265
2021-07-06 11:05:09.272625,431.58,5,431.59,151,15.26,6528,15.27,8936,431.585,15.265
2021-07-06 11:05:19.283797,431.52,47,431.53,44,15.26,8245,15.27,6420,431.525,15.265
2021-07-06 11:05:29.341002,431.44,8,431.45,55,15.26,9933,15.27,4643,431.445,15.265
2021-07-06 11:05:39.333531,431.43,6,431.44,145,15.26,9166,15.27,2868,431.435,15.265
2021-07-06 11:05:49.107369,431.45,10,431.46,85,15.26,8677,15.27,3579,431.455,15.265
2021-07-06 11:05:59.140813,431.41,9,431.42,116,15.26,8634,15.27,2655,431.415,15.265
2021-07-06 11:06:09.174618,431.5,73,431.51,14,15.26,8571,15.27,4080,431.505,15.265
2021-07-06 11:06:19.194896,431.5,59,431.51,33,15.26,8622,15.27,4129,431.505,15.265
2021-07-06 11:06:29.246301,431.52,19,431.53,57,15.26,8554,15.27,4099,431.525,15.265
2021-07-06 11:06:39.281526,431.51,59,431.52,22,15.26,8598,15.27,4159,431.515,15.265
2021-07-06 11:06:49.315317,431.49,48,431.5,12,15.26,8624,15.27,4128,431.495,15.265
2021-07-06 11:06:59.274891,431.52,22,431.53,88,15.26,8610,15.27,4148,431.525,15.265
2021-07-06 11:07:09.388034,431.52,40,431.53,45,15.26,8596,15.27,4136,431.525,15.265
2021-07-06 11:07:19.355542,431.53,33,431.54,103,15.26,8586,15.27,4108,431.53499999999997,15.265
2021-07-06 11:07:29.094671,431.49,9,431.5,68,15.26,8595,15.27,4100,431.495,15.265
2021-07-06 11:07:39.120826,431.46,143,431.47,1,15.26,8541,15.27,4027,431.46500000000003,15.265
2021-07-06 11:07:49.220011,431.47,22,431.48,129,15.26,8594,15.27,4030,431.475,15.265
2021-07-06 11:07:59.181205,431.43,2,431.44,100,15.26,8687,15.27,2896,431.435,15.265
2021-07-06 11:08:09.289960,431.4,60,431.41,35,15.26,8443,15.27,2273,431.405,15.265
2021-07-06 11:08:19.224798,431.42,38,431.43,89,15.26,8656,15.27,1439,431.425,15.265
2021-07-06 11:08:29.257997,431.41,5,431.42,98,15.26,9078,15.27,3000,431.415,15.265
2021-07-06 11:08:39.295813,431.37,71,431.38,56,15.27,5473,15.28,10146,431.375,15.274999999999999
2021-07-06 11:08:49.331449,431.34,63,431.35,26,15.27,5602,15.28,10123,431.345,15.274999999999999
2021-07-06 11:08:50.045624,431.34,63,431.35,26,15.27,5602,15.28,10123,431.345,15.274999999999999
2021-07-06 11:08:59.319927,431.37,3,431.38,81,15.27,7470,15.28,11359,431.375,15.274999999999999
2021-07-06 11:09:09.194656,431.45,29,431.46,68,15.27,4872,15.28,11548,431.455,15.274999999999999
2021-07-06 11:09:19.129111,431.5,21,431.51,46,15.27,1924,15.28,11536,431.505,15.274999999999999
2021-07-06 11:09:29.142479,431.49,36,431.51,69,15.27,1338,15.28,11588,431.5,15.274999999999999
2021-07-06 11:09:39.168089,431.44,42,431.45,5,15.27,3417,15.28,11418,431.445,15.274999999999999
2021-07-06 11:09:49.192133,431.49,4,431.5,66,15.27,2607,15.28,11430,431.495,15.274999999999999
2021-07-06 11:09:59.270429,431.42,47,431.44,140,15.27,3920,15.28,11096,431.43,15.274999999999999
2021-07-06 11:10:09.306814,431.41,51,431.42,2,15.27,3737,15.28,11435,431.415,15.274999999999999
2021-07-06 11:10:19.341748,431.32,19,431.33,28,15.27,4314,15.28,11211,431.325,15.274999999999999
2021-07-06 11:10:29.376777,431.33,34,431.34,138,15.27,4374,15.28,11217,431.335,15.274999999999999
2021-07-06 11:10:39.412748,431.3,1,431.31,72,15.27,5143,15.28,10758,431.305,15.274999999999999
2021-07-06 11:10:49.138624,431.36,69,431.38,75,15.27,4281,15.28,11306,431.37,15.274999999999999
2021-07-06 11:10:50.164533,431.36,69,431.38,75,15.27,4281,15.28,11306,431.37,15.274999999999999
2021-07-06 11:10:59.175000,431.34,39,431.35,35,15.27,4358,15.28,11222,431.345,15.274999999999999
2021-07-06 11:11:09.210391,431.3,2,431.31,51,15.27,5270,15.28,10912,431.305,15.274999999999999
2021-07-06 11:11:19.159054,431.32,31,431.33,33,15.27,4504,15.28,11281,431.325,15.274999999999999
2021-07-06 11:11:29.281348,431.27,45,431.28,12,15.27,6614,15.28,8815,431.275,15.274999999999999
2021-07-06 11:11:39.314566,431.32,16,431.33,56,15.27,4689,15.28,9109,431.325,15.274999999999999
2021-07-06 11:11:49.249730,431.31,8,431.32,67,15.27,4697,15.28,9026,431.315,15.274999999999999
2021-07-06 11:11:59.284613,431.24,45,431.25,6,15.27,7109,15.28,6006,431.245,15.274999999999999
2021-07-06 11:12:09.319708,431.31,6,431.32,28,15.27,4702,15.28,8813,431.315,15.274999999999999
2021-07-06 11:12:19.355921,431.4,48,431.41,51,15.27,4391,15.28,9020,431.405,15.274999999999999
2021-07-06 11:12:19.355921,431.4,48,431.41,51,15.27,4391,15.28,9020,431.405,15.274999999999999
2021-07-06 11:12:29.391116,431.34,42,431.35,1,15.27,4348,15.28,10498,431.345,15.274999999999999
2021-07-06 11:12:39.374959,431.24,6,431.25,45,15.27,7863,15.28,5855,431.245,15.274999999999999
2021-07-06 11:12:49.156243,431.2,29,431.21,39,15.27,7791,15.28,5416,431.205,15.274999999999999
2021-07-06 11:12:59.146129,431.18,47,431.19,19,15.27,7822,15.28,5327,431.185,15.274999999999999
2021-07-06 11:13:09.172652,431.15,18,431.16,61,15.27,7869,15.28,2976,431.155,15.274999999999999
2021-07-06 11:13:19.197292,431.14,5,431.15,39,15.27,7771,15.28,2538,431.145,15.274999999999999
2021-07-06 11:13:29.292834,431.1,44,431.11,59,15.27,6233,15.28,620,431.105,15.274999999999999
2021-07-06 11:13:29.292834,431.1,44,431.11,59,15.27,6233,15.28,620,431.105,15.274999999999999
2021-07-06 11:13:39.327842,431.11,107,431.12,1,15.27,7978,15.28,2607,431.115,15.274999999999999
2021-07-06 11:13:49.271613,431.12,37,431.13,47,15.27,7854,15.28,2052,431.125,15.274999999999999
2021-07-06 11:13:59.295035,431.16,56,431.17,38,15.27,7775,15.28,2991,431.165,15.274999999999999
2021-07-06 11:14:09.330124,431.17,45,431.18,18,15.27,7758,15.28,3446,431.175,15.274999999999999
2021-07-06 11:14:19.364312,431.18,16,431.19,161,15.27,7853,15.28,3506,431.185,15.274999999999999
2021-07-06 11:14:29.194878,431.09,49,431.1,13,15.27,8691,15.28,154,431.095,15.274999999999999
2021-07-06 11:14:39.230031,431.07,1,431.08,64,15.28,6375,15.29,8768,431.075,15.285
2021-07-06 11:14:49.265006,431.04,16,431.05,61,15.28,7550,15.29,9181,431.045,15.285
2021-07-06 11:14:59.197789,431.01,38,431.02,176,15.28,8567,15.29,8302,431.015,15.285
2021-07-06 11:15:09.269582,430.89,61,430.9,32,15.28,11678,15.29,5352,430.895,15.285
2021-07-06 11:15:19.267937,430.83,26,430.84,129,15.28,12192,15.29,1498,430.835,15.285
2021-07-06 11:15:29.301461,430.89,72,430.9,11,15.28,11799,15.29,3540,430.895,15.285
2021-07-06 11:15:39.336425,430.87,28,430.88,50,15.28,11758,15.29,3310,430.875,15.285
2021-07-06 11:15:49.372726,430.89,59,430.9,35,15.28,11791,15.29,3617,430.895,15.285
2021-07-06 11:15:59.345731,430.93,108,430.94,58,15.28,11702,15.29,3681,430.935,15.285
2021-07-06 11:16:09.136342,430.89,63,430.9,1,15.28,11601,15.29,3576,430.895,15.285
2021-07-06 11:16:19.169738,430.9,140,430.92,78,15.28,11601,15.29,3701,430.90999999999997,15.285
2021-07-06 11:16:29.141448,430.93,40,430.94,55,15.28,11700,15.29,3770,430.935,15.285
2021-07-06 11:16:29.141448,430.93,40,430.94,55,15.28,11700,15.29,3770,430.935,15.285
2021-07-06 11:16:39.163733,430.89,86,430.9,21,15.28,11634,15.29,3733,430.895,15.285
2021-07-06 11:16:49.274547,430.94,71,430.95,1,15.28,11666,15.29,3851,430.945,15.285
2021-07-06 11:16:59.311022,430.97,49,430.98,48,15.28,11533,15.29,3862,430.975,15.285
2021-07-06 11:17:09.236210,430.99,90,431.0,34,15.28,10816,15.29,4931,430.995,15.285
2021-07-06 11:17:19.276962,430.99,47,431.0,41,15.28,8776,15.29,6344,430.995,15.285
2021-07-06 11:17:29.085929,431.05,28,431.06,46,15.28,8058,15.29,4972,431.055,15.285
2021-07-06 11:17:39.141225,431.01,58,431.02,17,15.28,8456,15.29,6721,431.015,15.285
2021-07-06 11:17:49.166066,431.02,1,431.03,89,15.28,8441,15.29,7070,431.025,15.285
2021-07-06 11:17:49.166066,431.02,1,431.03,89,15.28,8441,15.29,7070,431.025,15.285
2021-07-06 11:17:59.201283,431.07,7,431.08,78,15.28,8044,15.29,7640,431.075,15.285
2021-07-06 11:18:09.236882,431.05,22,431.06,67,15.28,7954,15.29,7617,431.055,15.285
2021-07-06 11:18:19.272211,430.92,31,430.93,75,15.28,10159,15.29,3836,430.925,15.285
2021-07-06 11:18:29.305449,430.96,68,430.97,28,15.28,11597,15.29,3837,430.96500000000003,15.285
2021-07-06 11:18:39.341028,430.96,75,430.97,18,15.28,11607,15.29,3831,430.96500000000003,15.285
2021-07-06 11:18:49.376870,430.91,65,430.92,16,15.28,11545,15.29,3749,430.915,15.285
2021-07-06 11:18:59.323449,430.93,57,430.94,110,15.28,11625,15.29,3708,430.935,15.285
2021-07-06 11:19:09.358582,430.86,1,430.87,313,15.28,12194,15.29,2553,430.865,15.285
2021-07-06 11:19:19.392857,430.84,74,430.85,33,15.28,12124,15.29,2540,430.845,15.285
2021-07-06 11:19:29.327075,430.82,12,430.83,72,15.28,12263,15.29,852,430.825,15.285
2021-07-06 11:19:39.361251,430.82,59,430.83,31,15.28,12198,15.29,1919,430.825,15.285
2021-07-06 11:19:49.300284,430.8,105,430.81,25,15.28,12116,15.29,953,430.805,15.285
2021-07-06 11:19:59.124231,430.77,79,430.78,31,15.29,7498,15.3,11166,430.775,15.295
2021-07-06 11:20:09.158986,430.74,55,430.75,58,15.29,8249,15.3,8963,430.745,15.295
2021-07-06 11:20:19.194398,430.77,39,430.78,53,15.29,8146,15.3,9034,430.775,15.295
2021-07-06 11:20:29.230321,430.86,26,430.87,90,15.29,5411,15.3,10491,430.865,15.295
2021-07-06 11:20:39.262980,430.87,96,430.88,122,15.29,5037,15.3,10627,430.875,15.295
2021-07-06 11:20:49.267202,430.92,29,430.93,56,15.29,2467,15.3,10646,430.925,15.295
2021-07-06 11:20:59.288572,430.94,54,430.95,58,15.28,11436,15.29,7814,430.945,15.285
2021-07-06 11:21:09.154382,430.97,64,430.98,18,15.28,11215,15.29,7614,430.975,15.285
2021-07-06 11:21:19.098327,431.02,17,431.03,78,15.28,9393,15.29,10053,431.025,15.285
2021-07-06 11:21:19.098327,431.02,17,431.03,78,15.28,9393,15.29,10053,431.025,15.285
2021-07-06 11:21:29.134670,431.07,72,431.08,20,15.28,7538,15.29,10656,431.075,15.285
2021-07-06 11:21:39.124503,431.07,37,431.08,72,15.28,7442,15.29,10732,431.075,15.285
2021-07-06 11:21:49.204433,431.09,66,431.1,37,15.28,7362,15.29,10756,431.095,15.285
2021-07-06 11:21:59.555982,431.1,12,431.11,66,15.28,7076,15.29,11434,431.105,15.285
2021-07-06 11:22:09.172230,431.1,89,431.11,22,15.28,6788,15.29,11483,431.105,15.285
2021-07-06 11:22:19.208254,431.15,70,431.16,16,15.28,5145,15.29,11631,431.155,15.285
2021-07-06 11:22:29.171537,431.14,92,431.15,7,15.28,4920,15.29,11464,431.145,15.285
2021-07-06 11:22:39.175947,431.11,32,431.12,184,15.28,5598,15.29,11560,431.115,15.285
2021-07-06 11:22:49.209939,431.08,37,431.09,58,15.28,5637,15.29,11555,431.085,15.285
2021-07-06 11:22:58.171125,431.08,37,431.09,58,15.28,5508,15.29,11486,431.085,15.285
2021-07-06 11:22:59.142717,431.1,53,431.11,69,15.28,5508,15.29,11486,431.105,15.285
2021-07-06 11:23:09.216367,431.08,23,431.09,69,15.28,5548,15.29,11482,431.085,15.285
2021-07-06 11:23:19.243862,431.1,77,431.11,32,15.28,5503,15.29,11490,431.105,15.285
2021-07-06 11:23:29.384911,431.12,22,431.13,66,15.28,5536,15.29,11559,431.125,15.285
2021-07-06 11:23:39.384931,431.1,47,431.11,60,15.28,5586,15.29,11547,431.105,15.285
2021-07-06 11:23:49.114287,431.09,68,431.1,7,15.28,5522,15.29,11490,431.095,15.285
2021-07-06 11:23:59.116185,431.14,97,431.15,25,15.28,4670,15.29,11547,431.145,15.285
2021-07-06 11:24:08.161108,431.14,97,431.15,25,15.28,4670,15.29,11547,431.145,15.285
2021-07-06 11:24:09.184858,431.16,6,431.17,244,15.28,4800,15.29,11559,431.165,15.285
2021-07-06 11:24:19.165106,431.14,84,431.15,39,15.28,4833,15.29,11513,431.145,15.285
2021-07-06 11:24:19.165106,431.14,84,431.15,39,15.28,4833,15.29,11513,431.145,15.285
2021-07-06 11:24:29.254406,431.15,104,431.16,3,15.28,4663,15.29,11532,431.155,15.285
2021-07-06 11:24:39.187038,431.19,57,431.2,44,15.28,3956,15.29,11610,431.195,15.285
2021-07-06 11:24:49.222765,431.22,120,431.23,6,15.28,1274,15.29,11609,431.225,15.285
2021-07-06 11:24:59.143756,431.2,75,431.21,48,15.28,2286,15.29,12380,431.205,15.285
2021-07-06 11:25:09.190296,431.12,66,431.13,110,15.28,3919,15.29,12048,431.125,15.285
2021-07-06 11:25:09.190296,431.12,66,431.13,110,15.28,3919,15.29,12048,431.125,15.285
2021-07-06 11:25:19.225480,431.03,46,431.04,76,15.28,5001,15.29,11474,431.03499999999997,15.285
2021-07-06 11:25:29.260366,431.05,11,431.06,88,15.28,4505,15.29,11662,431.055,15.285
2021-07-06 11:25:39.235822,431.08,37,431.09,66,15.28,4267,15.29,11736,431.085,15.285
2021-07-06 11:25:49.330441,431.11,1,431.12,209,15.28,4177,15.29,11676,431.115,15.285
2021-07-06 11:25:59.365663,431.13,50,431.14,33,15.28,3764,15.29,11591,431.135,15.285
2021-07-06 11:26:09.306048,431.12,7,431.13,104,15.28,4214,15.29,11587,431.125,15.285
2021-07-06 11:26:18.147427,431.12,7,431.13,104,15.28,4214,15.29,11587,431.125,15.285
2021-07-06 11:26:19.153081,431.09,3,431.1,94,15.28,4246,15.29,11637,431.095,15.285
2021-07-06 11:26:29.174262,431.07,1,431.08,105,15.28,4203,15.29,11636,431.075,15.285
2021-07-06 11:26:39.201609,431.05,64,431.06,26,15.28,4239,15.29,11735,431.055,15.285
2021-07-06 11:26:49.291728,431.1,21,431.11,80,15.28,4189,15.29,11748,431.105,15.285
2021-07-06 11:26:59.169007,431.1,54,431.11,62,15.28,4183,15.29,11696,431.105,15.285
2021-07-06 11:27:09.204322,431.05,44,431.06,41,15.28,4206,15.29,11675,431.055,15.285
2021-07-06 11:27:18.116808,431.05,44,431.06,41,15.28,4206,15.29,11675,431.055,15.285
2021-07-06 11:27:19.136232,431.07,76,431.08,4,15.28,4242,15.29,11720,431.075,15.285
2021-07-06 11:27:29.143830,431.02,83,431.03,22,15.28,4985,15.29,11344,431.025,15.285
2021-07-06 11:27:39.167423,431.07,36,431.08,72,15.28,4242,15.29,11592,431.075,15.285
2021-07-06 11:27:49.244294,431.08,169,431.09,22,15.28,4195,15.29,11660,431.085,15.285
2021-07-06 11:27:59.217754,431.12,73,431.13,45,15.28,3811,15.29,11693,431.125,15.285
2021-07-06 11:28:09.313676,431.13,77,431.14,35,15.28,3365,15.29,11398,431.135,15.285
2021-07-06 11:28:19.260638,431.07,66,431.08,33,15.28,4201,15.29,11681,431.075,15.285
2021-07-06 11:28:29.177381,431.07,56,431.08,38,15.28,4207,15.29,11616,431.075,15.285
2021-07-06 11:28:38.185068,431.07,56,431.08,38,15.28,4243,15.29,11588,431.075,15.285
2021-07-06 11:28:39.218936,431.05,45,431.06,55,15.28,4243,15.29,11588,431.055,15.285
2021-07-06 11:28:49.313315,431.03,22,431.04,77,15.28,4987,15.29,11427,431.03499999999997,15.285
2021-07-06 11:28:59.189345,431.0,58,431.01,73,15.28,5123,15.29,10734,431.005,15.285
2021-07-06 11:29:09.178428,430.95,52,430.96,50,15.28,6570,15.29,7840,430.955,15.285
2021-07-06 11:29:19.361983,430.97,35,430.98,68,15.28,6648,15.29,7839,430.975,15.285
2021-07-06 11:29:29.185264,431.05,28,431.06,86,15.28,4519,15.29,10908,431.055,15.285
2021-07-06 11:29:39.228669,431.02,25,431.03,76,15.28,5186,15.29,10536,431.025,15.285
2021-07-06 11:29:49.234970,430.96,124,430.97,7,15.28,6594,15.29,7689,430.96500000000003,15.285
2021-07-06 11:29:49.234970,430.96,124,430.97,7,15.28,6594,15.29,7689,430.96500000000003,15.285
2021-07-06 11:29:59.154903,430.97,59,430.98,39,15.28,6591,15.29,7697,430.975,15.285
2021-07-06 11:30:09.200636,430.97,55,430.98,23,15.28,8449,15.29,7722,430.975,15.285
2021-07-06 11:30:19.164471,430.94,55,430.95,31,15.28,8400,15.29,7668,430.945,15.285
2021-07-06 11:30:29.325164,430.89,5,430.9,181,15.28,8391,15.29,6666,430.895,15.285
2021-07-06 11:30:39.196498,430.89,1,430.9,338,15.28,8400,15.29,6538,430.895,15.285
2021-07-06 11:30:49.262813,430.78,92,430.79,4,15.29,5265,15.3,11415,430.78499999999997,15.295
2021-07-06 11:30:59.167874,430.62,28,430.63,122,15.29,9314,15.3,6226,430.625,15.295
2021-07-06 11:31:09.343712,430.71,93,430.72,25,15.29,8787,15.3,8555,430.71500000000003,15.295
2021-07-06 11:31:19.221143,430.81,18,430.82,89,15.29,5915,15.3,10782,430.815,15.295
2021-07-06 11:31:29.309949,430.84,16,430.85,157,15.29,4249,15.3,11189,430.845,15.295
2021-07-06 11:31:39.265283,430.86,17,430.87,75,15.29,4032,15.3,10910,430.865,15.295
2021-07-06 11:31:49.293433,430.89,76,430.9,27,15.29,3129,15.3,11262,430.895,15.295
2021-07-06 11:31:59.311020,430.95,30,430.96,44,15.28,9162,15.29,7974,430.955,15.285
2021-07-06 11:32:09.084028,431.05,20,431.06,40,15.28,5143,15.29,11105,431.055,15.285
2021-07-06 11:32:19.159465,431.1,17,431.11,49,15.28,4992,15.29,11130,431.105,15.285
2021-07-06 11:32:29.183861,431.13,45,431.14,57,15.28,4633,15.29,11483,431.135,15.285
2021-07-06 11:32:39.206856,430.99,14,431.0,167,15.28,7480,15.29,5955,430.995,15.285
2021-07-06 11:32:49.212992,430.95,36,430.96,51,15.28,8999,15.29,5018,430.955,15.285
2021-07-06 11:32:59.247605,430.87,78,430.88,37,15.28,9049,15.29,3994,430.875,15.285
2021-07-06 11:33:09.265902,430.81,73,430.82,14,15.28,9211,15.29,1207,430.815,15.285
2021-07-06 11:33:19.287695,430.83,68,430.84,62,15.28,9202,15.29,2376,430.835,15.285
2021-07-06 11:33:29.309996,430.91,46,430.92,60,15.28,8997,15.29,3813,430.915,15.285
2021-07-06 11:33:39.081084,430.87,58,430.88,27,15.28,9133,15.29,3369,430.875,15.285
2021-07-06 11:33:49.103434,430.85,17,430.86,63,15.28,9102,15.29,2764,430.855,15.285
2021-07-06 11:33:59.126744,430.9,59,430.91,34,15.28,9023,15.29,3900,430.905,15.285
2021-07-06 11:34:09.148576,430.9,66,430.91,21,15.28,8960,15.29,3875,430.905,15.285
2021-07-06 11:34:19.170452,430.9,71,430.91,29,15.28,9076,15.29,3870,430.905,15.285
2021-07-06 11:34:19.170452,430.9,71,430.91,29,15.28,9076,15.29,3870,430.905,15.285
2021-07-06 11:34:29.192209,430.89,16,430.9,146,15.28,9077,15.29,3700,430.895,15.285
2021-07-06 11:34:39.214058,430.93,30,430.94,59,15.28,9010,15.29,3948,430.935,15.285
2021-07-06 11:34:49.235580,430.93,19,430.94,129,15.28,9078,15.29,3948,430.935,15.285
2021-07-06 11:34:59.256885,430.8,71,430.81,22,15.28,9136,15.29,787,430.805,15.285
2021-07-06 11:35:09.335578,430.84,25,430.85,137,15.28,9121,15.29,1758,430.845,15.285
2021-07-06 11:35:19.302106,430.85,54,430.86,41,15.28,9136,15.29,2437,430.855,15.285
2021-07-06 11:35:29.323751,430.91,1,430.92,147,15.28,8937,15.29,4000,430.915,15.285
2021-07-06 11:35:39.094156,430.97,45,430.98,138,15.28,8974,15.29,4160,430.975,15.285
2021-07-06 11:35:49.224263,430.96,79,430.97,41,15.28,8980,15.29,4156,430.96500000000003,15.285
2021-07-06 11:35:59.246448,430.93,36,430.94,56,15.28,9027,15.29,4140,430.935,15.285
2021-07-06 11:36:09.267517,430.99,41,431.0,111,15.28,8941,15.29,4397,430.995,15.285
2021-07-06 11:36:19.579186,431.01,112,431.02,10,15.28,7555,15.29,7151,431.015,15.285
2021-07-06 11:36:19.579186,431.01,112,431.02,10,15.28,7555,15.29,7151,431.015,15.285
2021-07-06 11:36:29.309380,431.01,2,431.02,142,15.28,7552,15.29,7114,431.015,15.285
2021-07-06 11:36:39.329205,430.97,52,430.98,47,15.28,9016,15.29,4160,430.975,15.285
2021-07-06 11:36:39.329205,430.97,52,430.98,47,15.28,9016,15.29,4160,430.975,15.285
2021-07-06 11:36:49.099590,430.98,51,430.99,48,15.28,8946,15.29,4012,430.985,15.285
2021-07-06 11:36:59.118564,430.95,44,430.96,41,15.28,8944,15.29,3988,430.955,15.285
2021-07-06 11:37:09.140652,430.92,98,430.93,3,15.28,9045,15.29,4269,430.925,15.285
2021-07-06 11:37:19.159401,430.9,55,430.91,24,15.28,8977,15.29,4253,430.905,15.285
2021-07-06 11:37:29.181864,430.95,76,430.96,20,15.28,8996,15.29,3975,430.955,15.285
2021-07-06 11:37:39.200673,430.95,55,430.96,31,15.28,9036,15.29,3978,430.955,15.285
2021-07-06 11:37:49.220337,430.93,48,430.94,38,15.28,9043,15.29,3964,430.935,15.285
2021-07-06 11:37:59.240511,430.89,55,430.9,38,15.28,9124,15.29,3859,430.895,15.285
2021-07-06 11:38:09.260432,430.87,46,430.88,44,15.28,9163,15.29,3709,430.875,15.285
2021-07-06 11:38:19.281145,430.78,1,430.79,101,15.29,6163,15.3,11096,430.78499999999997,15.295
2021-07-06 11:38:29.301027,430.84,20,430.85,200,15.29,6601,15.3,11444,430.845,15.295
2021-07-06 11:38:37.066928,430.84,20,430.85,200,15.29,6601,15.3,11444,430.845,15.295
2021-07-06 11:38:39.321791,430.84,19,430.85,116,15.29,6279,15.3,11573,430.845,15.295
2021-07-06 11:38:49.092683,430.78,18,430.79,87,15.29,7075,15.3,11596,430.78499999999997,15.295
2021-07-06 11:38:59.107190,430.75,47,430.76,50,15.29,7477,15.3,8952,430.755,15.295
2021-07-06 11:39:00.109947,430.75,47,430.76,50,15.29,7595,15.3,10388,430.755,15.295
2021-07-06 11:39:09.150202,430.76,15,430.77,148,15.29,7595,15.3,10388,430.765,15.295
2021-07-06 11:39:19.175385,430.76,14,430.77,91,15.29,7613,15.3,10403,430.765,15.295
2021-07-06 11:39:19.175385,430.76,14,430.77,91,15.29,7613,15.3,10403,430.765,15.295
2021-07-06 11:39:29.196996,430.74,45,430.75,94,15.29,7846,15.3,10235,430.745,15.295
2021-07-06 11:39:39.218609,430.76,63,430.77,32,15.29,7631,15.3,10380,430.765,15.295
2021-07-06 11:39:49.241768,430.76,40,430.77,35,15.29,7606,15.3,10451,430.765,15.295
2021-07-06 11:39:59.264026,430.78,72,430.79,26,15.29,7598,15.3,10447,430.78499999999997,15.295
2021-07-06 11:40:09.228880,430.74,1,430.75,216,15.29,7879,15.3,10222,430.745,15.295
2021-07-06 11:40:19.253004,430.78,57,430.79,62,15.29,7598,15.3,10438,430.78499999999997,15.295
2021-07-06 11:40:29.273959,430.73,43,430.74,75,15.29,7904,15.3,10211,430.735,15.295
2021-07-06 11:40:39.294975,430.76,54,430.77,60,15.29,7678,15.3,10376,430.765,15.295
2021-07-06 11:40:49.315304,430.75,75,430.76,27,15.29,7712,15.3,10410,430.755,15.295
2021-07-06 11:40:59.336301,430.69,3,430.7,133,15.29,9745,15.3,5989,430.695,15.295
2021-07-06 11:41:09.106817,430.58,14,430.59,81,15.29,9995,15.3,3333,430.585,15.295
2021-07-06 11:41:19.355448,430.56,68,430.57,75,15.29,10095,15.3,2680,430.565,15.295
2021-07-06 11:41:29.208526,430.49,36,430.5,83,15.3,5855,15.31,10041,430.495,15.305
2021-07-06 11:41:39.226586,430.48,67,430.49,19,15.3,6115,15.31,10048,430.485,15.305
2021-07-06 11:41:49.244361,430.54,53,430.55,37,15.3,6060,15.31,10312,430.545,15.305
2021-07-06 11:41:59.264597,430.52,177,430.53,20,15.3,6071,15.31,10120,430.525,15.305
2021-07-06 11:42:09.284691,430.53,69,430.54,21,15.3,6050,15.31,9978,430.53499999999997,15.305
2021-07-06 11:42:19.306487,430.54,84,430.55,10,15.3,6055,15.31,9960,430.545,15.305
2021-07-06 11:42:29.116009,430.55,176,430.56,4,15.3,5715,15.31,9989,430.555,15.305
2021-07-06 11:42:39.221672,430.63,69,430.64,43,15.3,3185,15.31,10141,430.635,15.305
2021-07-06 11:42:49.240940,430.68,103,430.69,1,15.3,730,15.31,10267,430.685,15.305
2021-07-06 11:42:59.260565,430.69,53,430.7,22,15.29,9590,15.3,8153,430.695,15.295
2021-07-06 11:43:09.281383,430.78,54,430.79,50,15.29,7354,15.3,11686,430.78499999999997,15.295
2021-07-06 11:43:19.303007,430.84,51,430.85,57,15.29,4848,15.3,13412,430.845,15.295
2021-07-06 11:43:29.325110,430.96,4,430.97,69,15.29,100,15.3,14006,430.96500000000003,15.295
2021-07-06 11:43:39.095813,430.95,74,430.96,15,15.29,410,15.3,14127,430.955,15.295
2021-07-06 11:43:49.121230,430.92,161,430.93,16,15.28,8146,15.29,6980,430.925,15.285
2021-07-06 11:43:59.137586,430.96,13,430.97,83,15.28,7847,15.29,6995,430.96500000000003,15.285
2021-07-06 11:44:09.160058,431.01,71,431.02,25,15.28,7245,15.29,10008,431.015,15.285
2021-07-06 11:44:19.190817,431.08,74,431.09,32,15.28,4428,15.29,10170,431.085,15.285
2021-07-06 11:44:29.213614,431.11,58,431.12,34,15.28,4230,15.29,10685,431.115,15.285
2021-07-06 11:44:39.236170,431.09,147,431.1,36,15.28,4369,15.29,10751,431.095,15.285
2021-07-06 11:44:49.256053,431.14,5,431.15,144,15.28,3751,15.29,10404,431.145,15.285
2021-07-06 11:44:59.276587,431.15,63,431.16,43,15.28,3578,15.29,10706,431.155,15.285
2021-07-06 11:45:09.300041,431.12,160,431.13,6,15.28,2339,15.29,8538,431.125,15.285
2021-07-06 11:45:19.322698,431.12,155,431.13,27,15.28,3790,15.29,10944,431.125,15.285
2021-07-06 11:45:29.094479,431.09,191,431.1,19,15.28,4274,15.29,10994,431.095,15.285
2021-07-06 11:45:39.116996,431.08,14,431.09,72,15.28,4321,15.29,11044,431.085,15.285
2021-07-06 11:45:49.140165,431.14,181,431.15,11,15.28,3570,15.29,10866,431.145,15.285
2021-07-06 11:45:59.163344,431.14,29,431.15,74,15.28,3809,15.29,10557,431.145,15.285
2021-07-06 11:46:09.187144,431.2,21,431.21,120,15.28,2890,15.29,10799,431.205,15.285
2021-07-06 11:46:19.193506,431.21,13,431.22,70,15.28,731,15.29,11035,431.21500000000003,15.285
2021-07-06 11:46:29.217203,431.2,60,431.21,39,15.28,2795,15.29,11346,431.205,15.285
2021-07-06 11:46:39.238796,431.26,42,431.27,60,15.27,5373,15.28,6934,431.265,15.274999999999999
2021-07-06 11:46:49.262626,431.3,75,431.31,59,15.27,4662,15.28,11619,431.305,15.274999999999999
2021-07-06 11:46:59.282366,431.32,36,431.33,205,15.27,4761,15.28,11721,431.325,15.274999999999999
2021-07-06 11:47:09.306852,431.29,212,431.3,1,15.27,4978,15.28,11694,431.295,15.274999999999999
2021-07-06 11:47:18.072335,431.29,212,431.3,1,15.27,4978,15.28,11694,431.295,15.274999999999999
2021-07-06 11:47:19.075491,431.33,41,431.34,58,15.27,4683,15.28,11756,431.335,15.274999999999999
2021-07-06 11:47:29.350930,431.36,61,431.37,45,15.27,4465,15.28,11769,431.365,15.274999999999999
2021-07-06 11:47:39.126636,431.37,82,431.38,48,15.27,4506,15.28,11833,431.375,15.274999999999999
2021-07-06 11:47:49.152617,431.35,68,431.36,25,15.27,4514,15.28,11773,431.355,15.274999999999999
2021-07-06 11:47:59.174792,431.34,40,431.35,75,15.27,4575,15.28,11772,431.345,15.274999999999999
2021-07-06 11:47:59.174792,431.34,40,431.35,75,15.27,4575,15.28,11772,431.345,15.274999999999999
2021-07-06 11:48:09.150871,431.31,64,431.32,61,15.27,4808,15.28,11732,431.315,15.274999999999999
2021-07-06 11:48:19.093364,431.26,40,431.27,95,15.27,5166,15.28,8785,431.265,15.274999999999999
2021-07-06 11:48:29.280892,431.28,13,431.29,87,15.27,5085,15.28,9206,431.28499999999997,15.274999999999999
2021-07-06 11:48:29.280892,431.28,13,431.29,87,15.27,5085,15.28,9206,431.28499999999997,15.274999999999999
2021-07-06 11:48:39.305115,431.26,80,431.27,45,15.27,5181,15.28,6980,431.265,15.274999999999999
2021-07-06 11:48:49.081183,431.23,75,431.24,30,15.27,5383,15.28,6404,431.235,15.274999999999999
2021-07-06 11:48:59.103255,431.22,19,431.23,83,15.27,5416,15.28,6287,431.225,15.274999999999999
2021-07-06 11:49:09.125808,431.18,87,431.19,2,15.27,5490,15.28,6251,431.185,15.274999999999999
2021-07-06 11:49:19.362858,431.14,77,431.15,9,15.27,5674,15.28,4723,431.145,15.274999999999999
2021-07-06 11:49:29.131555,431.16,1,431.17,155,15.27,5555,15.28,5112,431.165,15.274999999999999
2021-07-06 11:49:29.131555,431.16,1,431.17,155,15.27,5555,15.28,5112,431.165,15.274999999999999
2021-07-06 11:49:39.113014,431.16,52,431.17,82,15.27,5483,15.28,5121,431.165,15.274999999999999
